%YAML 1.1
%TAG !u! tag:unity3d.com,2011:
--- !u!1 &195930
GameObject:
  m_ObjectHideFlags: 0
  m_PrefabParentObject: {fileID: 0}
  m_PrefabInternal: {fileID: 100100000}
  serializedVersion: 4
  m_Component:
  - 4: {fileID: 495930}
  - 114: {fileID: 11495922}
  - 114: {fileID: 11443078}
  m_Layer: 0
  m_Name: Wood_Fence_Prefab
  m_TagString: Untagged
  m_Icon: {fileID: 0}
  m_NavMeshLayer: 0
  m_StaticEditorFlags: 0
  m_IsActive: 1
--- !u!1 &195932
GameObject:
  m_ObjectHideFlags: 0
  m_PrefabParentObject: {fileID: 0}
  m_PrefabInternal: {fileID: 100100000}
  serializedVersion: 4
  m_Component:
  - 4: {fileID: 495932}
  - 33: {fileID: 3395932}
  - 114: {fileID: 11495924}
  - 23: {fileID: 2395932}
  - 65: {fileID: 6595934}
  - 54: {fileID: 5495934}
  m_Layer: 0
  m_Name: Wood_Fence_Model1
  m_TagString: Untagged
  m_Icon: {fileID: 0}
  m_NavMeshLayer: 0
  m_StaticEditorFlags: 0
  m_IsActive: 1
--- !u!1 &195934
GameObject:
  m_ObjectHideFlags: 0
  m_PrefabParentObject: {fileID: 0}
  m_PrefabInternal: {fileID: 100100000}
  serializedVersion: 4
  m_Component:
  - 4: {fileID: 495934}
  - 33: {fileID: 3395934}
  - 114: {fileID: 11495926}
  - 23: {fileID: 2395934}
  - 65: {fileID: 6595936}
  - 54: {fileID: 5495936}
  m_Layer: 0
  m_Name: Wood_Fence_Model2
  m_TagString: Untagged
  m_Icon: {fileID: 0}
  m_NavMeshLayer: 0
  m_StaticEditorFlags: 0
  m_IsActive: 1
--- !u!1 &195936
GameObject:
  m_ObjectHideFlags: 0
  m_PrefabParentObject: {fileID: 0}
  m_PrefabInternal: {fileID: 100100000}
  serializedVersion: 4
  m_Component:
  - 4: {fileID: 495936}
  - 33: {fileID: 3395936}
  - 114: {fileID: 11495928}
  - 23: {fileID: 2395936}
  - 65: {fileID: 6595938}
  - 54: {fileID: 5495938}
  m_Layer: 0
  m_Name: Wood_Fence_Model3
  m_TagString: Untagged
  m_Icon: {fileID: 0}
  m_NavMeshLayer: 0
  m_StaticEditorFlags: 0
  m_IsActive: 1
--- !u!1 &195938
GameObject:
  m_ObjectHideFlags: 0
  m_PrefabParentObject: {fileID: 0}
  m_PrefabInternal: {fileID: 100100000}
  serializedVersion: 4
  m_Component:
  - 4: {fileID: 495938}
  - 33: {fileID: 3395938}
  - 114: {fileID: 11495930}
  - 23: {fileID: 2395938}
  - 65: {fileID: 6595940}
  - 54: {fileID: 5495940}
  - 114: {fileID: 11495958}
  m_Layer: 0
  m_Name: Wood_Fence_Model4
  m_TagString: Untagged
  m_Icon: {fileID: 0}
  m_NavMeshLayer: 0
  m_StaticEditorFlags: 0
  m_IsActive: 1
--- !u!1 &195940
GameObject:
  m_ObjectHideFlags: 0
  m_PrefabParentObject: {fileID: 0}
  m_PrefabInternal: {fileID: 100100000}
  serializedVersion: 4
  m_Component:
  - 4: {fileID: 495940}
  - 33: {fileID: 3395940}
  - 114: {fileID: 11495932}
  - 23: {fileID: 2395940}
  - 65: {fileID: 6595942}
  - 54: {fileID: 5495942}
  m_Layer: 0
  m_Name: Wood_Fence_Model5
  m_TagString: Untagged
  m_Icon: {fileID: 0}
  m_NavMeshLayer: 0
  m_StaticEditorFlags: 0
  m_IsActive: 1
--- !u!1 &195942
GameObject:
  m_ObjectHideFlags: 0
  m_PrefabParentObject: {fileID: 0}
  m_PrefabInternal: {fileID: 100100000}
  serializedVersion: 4
  m_Component:
  - 4: {fileID: 495942}
  - 33: {fileID: 3395942}
  - 114: {fileID: 11495934}
  - 23: {fileID: 2395942}
  - 65: {fileID: 6595944}
  - 54: {fileID: 5495944}
  m_Layer: 0
  m_Name: Wood_Fence_Model6
  m_TagString: Untagged
  m_Icon: {fileID: 0}
  m_NavMeshLayer: 0
  m_StaticEditorFlags: 0
  m_IsActive: 1
--- !u!1 &195944
GameObject:
  m_ObjectHideFlags: 0
  m_PrefabParentObject: {fileID: 0}
  m_PrefabInternal: {fileID: 100100000}
  serializedVersion: 4
  m_Component:
  - 4: {fileID: 495944}
  - 33: {fileID: 3395944}
  - 114: {fileID: 11495936}
  - 23: {fileID: 2395944}
  - 65: {fileID: 6595946}
  - 54: {fileID: 5495946}
  - 114: {fileID: 11495954}
  m_Layer: 0
  m_Name: Wood_Fence_Model7
  m_TagString: Untagged
  m_Icon: {fileID: 0}
  m_NavMeshLayer: 0
  m_StaticEditorFlags: 0
  m_IsActive: 1
--- !u!1 &195946
GameObject:
  m_ObjectHideFlags: 0
  m_PrefabParentObject: {fileID: 0}
  m_PrefabInternal: {fileID: 100100000}
  serializedVersion: 4
  m_Component:
  - 4: {fileID: 495946}
  - 33: {fileID: 3395946}
  - 114: {fileID: 11495938}
  - 23: {fileID: 2395946}
  - 65: {fileID: 6595948}
  - 54: {fileID: 5495948}
  m_Layer: 0
  m_Name: Wood_Fence_Model8
  m_TagString: Untagged
  m_Icon: {fileID: 0}
  m_NavMeshLayer: 0
  m_StaticEditorFlags: 0
  m_IsActive: 1
--- !u!1 &195948
GameObject:
  m_ObjectHideFlags: 0
  m_PrefabParentObject: {fileID: 0}
  m_PrefabInternal: {fileID: 100100000}
  serializedVersion: 4
  m_Component:
  - 4: {fileID: 495948}
  - 33: {fileID: 3395948}
  - 114: {fileID: 11495940}
  - 23: {fileID: 2395948}
  - 65: {fileID: 6595950}
  - 54: {fileID: 5495950}
  m_Layer: 0
  m_Name: Wood_Fence_Model9
  m_TagString: Untagged
  m_Icon: {fileID: 0}
  m_NavMeshLayer: 0
  m_StaticEditorFlags: 0
  m_IsActive: 1
--- !u!1 &195950
GameObject:
  m_ObjectHideFlags: 0
  m_PrefabParentObject: {fileID: 0}
  m_PrefabInternal: {fileID: 100100000}
  serializedVersion: 4
  m_Component:
  - 4: {fileID: 495950}
  - 33: {fileID: 3395950}
  - 114: {fileID: 11495942}
  - 23: {fileID: 2395950}
  - 65: {fileID: 6595952}
  - 54: {fileID: 5495952}
  m_Layer: 0
  m_Name: Wood_Fence_Model10
  m_TagString: Untagged
  m_Icon: {fileID: 0}
  m_NavMeshLayer: 0
  m_StaticEditorFlags: 0
  m_IsActive: 1
--- !u!1 &195952
GameObject:
  m_ObjectHideFlags: 0
  m_PrefabParentObject: {fileID: 0}
  m_PrefabInternal: {fileID: 100100000}
  serializedVersion: 4
  m_Component:
  - 4: {fileID: 495952}
  - 33: {fileID: 3395952}
  - 114: {fileID: 11495944}
  - 23: {fileID: 2395952}
  - 65: {fileID: 6595954}
  - 54: {fileID: 5495954}
  m_Layer: 0
  m_Name: Wood_Fence_Model11
  m_TagString: Untagged
  m_Icon: {fileID: 0}
  m_NavMeshLayer: 0
  m_StaticEditorFlags: 0
  m_IsActive: 1
--- !u!1 &195954
GameObject:
  m_ObjectHideFlags: 0
  m_PrefabParentObject: {fileID: 0}
  m_PrefabInternal: {fileID: 100100000}
  serializedVersion: 4
  m_Component:
  - 4: {fileID: 495954}
  - 33: {fileID: 3395954}
  - 114: {fileID: 11495946}
  - 23: {fileID: 2395954}
  - 65: {fileID: 6595956}
  - 54: {fileID: 5495956}
  - 114: {fileID: 11495960}
  m_Layer: 0
  m_Name: Wood_Fence_Model12
  m_TagString: Untagged
  m_Icon: {fileID: 0}
  m_NavMeshLayer: 0
  m_StaticEditorFlags: 0
  m_IsActive: 1
--- !u!1 &195956
GameObject:
  m_ObjectHideFlags: 0
  m_PrefabParentObject: {fileID: 0}
  m_PrefabInternal: {fileID: 100100000}
  serializedVersion: 4
  m_Component:
  - 4: {fileID: 495956}
  - 33: {fileID: 3395956}
  - 114: {fileID: 11495948}
  - 23: {fileID: 2395956}
  - 65: {fileID: 6595958}
  - 54: {fileID: 5495958}
  - 114: {fileID: 11495956}
  m_Layer: 0
  m_Name: Wood_Fence_Model13
  m_TagString: Untagged
  m_Icon: {fileID: 0}
  m_NavMeshLayer: 0
  m_StaticEditorFlags: 0
  m_IsActive: 1
--- !u!1 &195958
GameObject:
  m_ObjectHideFlags: 0
  m_PrefabParentObject: {fileID: 0}
  m_PrefabInternal: {fileID: 100100000}
  serializedVersion: 4
  m_Component:
  - 4: {fileID: 495958}
  - 33: {fileID: 3395958}
  - 114: {fileID: 11495950}
  - 23: {fileID: 2395958}
  - 65: {fileID: 6595960}
  - 54: {fileID: 5495960}
  m_Layer: 0
  m_Name: Wood_Fence_Model14
  m_TagString: Untagged
  m_Icon: {fileID: 0}
  m_NavMeshLayer: 0
  m_StaticEditorFlags: 0
  m_IsActive: 1
--- !u!1 &195960
GameObject:
  m_ObjectHideFlags: 0
  m_PrefabParentObject: {fileID: 0}
  m_PrefabInternal: {fileID: 100100000}
  serializedVersion: 4
  m_Component:
  - 4: {fileID: 495960}
  - 33: {fileID: 3395960}
  - 114: {fileID: 11495952}
  - 23: {fileID: 2395960}
  - 65: {fileID: 6595962}
  - 54: {fileID: 5495962}
  m_Layer: 0
  m_Name: Wood_Fence_Model15
  m_TagString: Untagged
  m_Icon: {fileID: 0}
  m_NavMeshLayer: 0
  m_StaticEditorFlags: 0
  m_IsActive: 1
--- !u!1 &195962
GameObject:
  m_ObjectHideFlags: 0
  m_PrefabParentObject: {fileID: 0}
  m_PrefabInternal: {fileID: 100100000}
  serializedVersion: 4
  m_Component:
  - 4: {fileID: 495962}
  - 33: {fileID: 3395962}
  - 23: {fileID: 2395962}
  - 114: {fileID: 11495962}
  m_Layer: 0
  m_Name: '@Fractured Object (single mesh)'
  m_TagString: Untagged
  m_Icon: {fileID: 0}
  m_NavMeshLayer: 0
  m_StaticEditorFlags: 0
  m_IsActive: 1
--- !u!4 &495930
Transform:
  m_ObjectHideFlags: 1
  m_PrefabParentObject: {fileID: 0}
  m_PrefabInternal: {fileID: 100100000}
  m_GameObject: {fileID: 195930}
  m_LocalRotation: {x: -4.3297803e-17, y: .707106769, z: .707106888, w: -4.32978096e-17}
  m_LocalPosition: {x: 0, y: .769999981, z: 0}
  m_LocalScale: {x: 1, y: 1, z: 1}
  m_Children:
  - {fileID: 495932}
  - {fileID: 495934}
  - {fileID: 495936}
  - {fileID: 495938}
  - {fileID: 495940}
  - {fileID: 495942}
  - {fileID: 495944}
  - {fileID: 495946}
  - {fileID: 495948}
  - {fileID: 495950}
  - {fileID: 495952}
  - {fileID: 495954}
  - {fileID: 495956}
  - {fileID: 495958}
  - {fileID: 495960}
  - {fileID: 495962}
  m_Father: {fileID: 0}
  m_RootOrder: 0
--- !u!4 &495932
Transform:
  m_ObjectHideFlags: 1
  m_PrefabParentObject: {fileID: 0}
  m_PrefabInternal: {fileID: 100100000}
  m_GameObject: {fileID: 195932}
  m_LocalRotation: {x: 0, y: 0, z: 0, w: 1}
  m_LocalPosition: {x: -8.94069956e-08, y: 8.67419243, z: -4.32218266}
  m_LocalScale: {x: 1, y: 1, z: 1}
  m_Children: []
  m_Father: {fileID: 495930}
  m_RootOrder: 0
--- !u!4 &495934
Transform:
  m_ObjectHideFlags: 1
  m_PrefabParentObject: {fileID: 0}
  m_PrefabInternal: {fileID: 100100000}
  m_GameObject: {fileID: 195934}
  m_LocalRotation: {x: 0, y: 0, z: 0, w: 1}
  m_LocalPosition: {x: 2.9802333e-08, y: 3.49844599, z: -1.72771561}
  m_LocalScale: {x: 1, y: 1, z: 1}
  m_Children: []
  m_Father: {fileID: 495930}
  m_RootOrder: 1
--- !u!4 &495936
Transform:
  m_ObjectHideFlags: 1
  m_PrefabParentObject: {fileID: 0}
  m_PrefabInternal: {fileID: 100100000}
  m_GameObject: {fileID: 195936}
  m_LocalRotation: {x: 0, y: 0, z: 0, w: 1}
  m_LocalPosition: {x: -2.98023295e-08, y: 6.64881277, z: -1.87736869}
  m_LocalScale: {x: 1, y: 1, z: 1}
  m_Children: []
  m_Father: {fileID: 495930}
  m_RootOrder: 2
--- !u!4 &495938
Transform:
  m_ObjectHideFlags: 1
  m_PrefabParentObject: {fileID: 0}
  m_PrefabInternal: {fileID: 100100000}
  m_GameObject: {fileID: 195938}
  m_LocalRotation: {x: 0, y: 0, z: 0, w: 1}
  m_LocalPosition: {x: -2.98023295e-08, y: 8.99180698, z: -1.77041662}
  m_LocalScale: {x: 1, y: 1, z: 1}
  m_Children: []
  m_Father: {fileID: 495930}
  m_RootOrder: 3
--- !u!4 &495940
Transform:
  m_ObjectHideFlags: 1
  m_PrefabParentObject: {fileID: 0}
  m_PrefabInternal: {fileID: 100100000}
  m_GameObject: {fileID: 195940}
  m_LocalRotation: {x: 0, y: 0, z: 0, w: 1}
  m_LocalPosition: {x: 2.9802333e-08, y: 4.55196476, z: -4.31923199}
  m_LocalScale: {x: 1, y: 1, z: 1}
  m_Children: []
  m_Father: {fileID: 495930}
  m_RootOrder: 4
--- !u!4 &495942
Transform:
  m_ObjectHideFlags: 1
  m_PrefabParentObject: {fileID: 0}
  m_PrefabInternal: {fileID: 100100000}
  m_GameObject: {fileID: 195942}
  m_LocalRotation: {x: 0, y: 0, z: 0, w: 1}
  m_LocalPosition: {x: 5.25713857e-16, y: 1.05172062, z: -4.29277945}
  m_LocalScale: {x: 1, y: 1, z: 1}
  m_Children: []
  m_Father: {fileID: 495930}
  m_RootOrder: 5
--- !u!4 &495944
Transform:
  m_ObjectHideFlags: 1
  m_PrefabParentObject: {fileID: 0}
  m_PrefabInternal: {fileID: 100100000}
  m_GameObject: {fileID: 195944}
  m_LocalRotation: {x: 0, y: 0, z: 0, w: 1}
  m_LocalPosition: {x: -2.98023295e-08, y: 1.37810564, z: -1.68787599}
  m_LocalScale: {x: 1, y: 1, z: 1}
  m_Children: []
  m_Father: {fileID: 495930}
  m_RootOrder: 6
--- !u!4 &495946
Transform:
  m_ObjectHideFlags: 1
  m_PrefabParentObject: {fileID: 0}
  m_PrefabInternal: {fileID: 100100000}
  m_GameObject: {fileID: 195946}
  m_LocalRotation: {x: 0, y: 0, z: 0, w: 1}
  m_LocalPosition: {x: 5.96046661e-08, y: 2.82513833, z: -4.39386129}
  m_LocalScale: {x: 1, y: 1, z: 1}
  m_Children: []
  m_Father: {fileID: 495930}
  m_RootOrder: 7
--- !u!4 &495948
Transform:
  m_ObjectHideFlags: 1
  m_PrefabParentObject: {fileID: 0}
  m_PrefabInternal: {fileID: 100100000}
  m_GameObject: {fileID: 195948}
  m_LocalRotation: {x: 0, y: 0, z: 0, w: 1}
  m_LocalPosition: {x: 5.96046661e-08, y: 5.36808014, z: -1.74493349}
  m_LocalScale: {x: 1, y: 1, z: 1}
  m_Children: []
  m_Father: {fileID: 495930}
  m_RootOrder: 8
--- !u!4 &495950
Transform:
  m_ObjectHideFlags: 1
  m_PrefabParentObject: {fileID: 0}
  m_PrefabInternal: {fileID: 100100000}
  m_GameObject: {fileID: 195950}
  m_LocalRotation: {x: 0, y: 0, z: 0, w: 1}
  m_LocalPosition: {x: .115961559, y: .00104388606, z: -4.46412685e-08}
  m_LocalScale: {x: 1, y: 1, z: 1}
  m_Children: []
  m_Father: {fileID: 495930}
  m_RootOrder: 9
--- !u!4 &495952
Transform:
  m_ObjectHideFlags: 1
  m_PrefabParentObject: {fileID: 0}
  m_PrefabInternal: {fileID: 100100000}
  m_GameObject: {fileID: 195952}
  m_LocalRotation: {x: 0, y: 0, z: 0, w: 1}
  m_LocalPosition: {x: -8.94069956e-08, y: 6.14025259, z: -4.20352888}
  m_LocalScale: {x: 1, y: 1, z: 1}
  m_Children: []
  m_Father: {fileID: 495930}
  m_RootOrder: 10
--- !u!4 &495954
Transform:
  m_ObjectHideFlags: 1
  m_PrefabParentObject: {fileID: 0}
  m_PrefabInternal: {fileID: 100100000}
  m_GameObject: {fileID: 195954}
  m_LocalRotation: {x: 0, y: 0, z: 0, w: 1}
  m_LocalPosition: {x: -.104819275, y: 10.3523016, z: -.00769366557}
  m_LocalScale: {x: 1, y: 1, z: 1}
  m_Children: []
  m_Father: {fileID: 495930}
  m_RootOrder: 11
--- !u!4 &495956
Transform:
  m_ObjectHideFlags: 1
  m_PrefabParentObject: {fileID: 0}
  m_PrefabInternal: {fileID: 100100000}
  m_GameObject: {fileID: 195956}
  m_LocalRotation: {x: 0, y: 0, z: 0, w: 1}
  m_LocalPosition: {x: -.122439817, y: .100759365, z: -.0335819684}
  m_LocalScale: {x: 1, y: 1, z: 1}
  m_Children: []
  m_Father: {fileID: 495930}
  m_RootOrder: 12
--- !u!4 &495958
Transform:
  m_ObjectHideFlags: 1
  m_PrefabParentObject: {fileID: 0}
  m_PrefabInternal: {fileID: 100100000}
  m_GameObject: {fileID: 195958}
  m_LocalRotation: {x: 0, y: 0, z: 0, w: 1}
  m_LocalPosition: {x: .109844215, y: 10.3557816, z: -.00283816596}
  m_LocalScale: {x: 1, y: 1, z: 1}
  m_Children: []
  m_Father: {fileID: 495930}
  m_RootOrder: 13
--- !u!4 &495960
Transform:
  m_ObjectHideFlags: 1
  m_PrefabParentObject: {fileID: 0}
  m_PrefabInternal: {fileID: 100100000}
  m_GameObject: {fileID: 195960}
  m_LocalRotation: {x: 0, y: 0, z: 0, w: 1}
  m_LocalPosition: {x: -.11210122, y: -.108395174, z: -.00155312486}
  m_LocalScale: {x: 1, y: 1, z: 1}
  m_Children: []
  m_Father: {fileID: 495930}
  m_RootOrder: 14
--- !u!4 &495962
Transform:
  m_ObjectHideFlags: 1
  m_PrefabParentObject: {fileID: 0}
  m_PrefabInternal: {fileID: 100100000}
  m_GameObject: {fileID: 195962}
  m_LocalRotation: {x: 0, y: 0, z: 0, w: 1}
  m_LocalPosition: {x: 0, y: 0, z: 0}
  m_LocalScale: {x: 1, y: 1, z: 1}
  m_Children: []
  m_Father: {fileID: 495930}
  m_RootOrder: 15
--- !u!23 &2395932
Renderer:
  m_ObjectHideFlags: 1
  m_PrefabParentObject: {fileID: 0}
  m_PrefabInternal: {fileID: 100100000}
  m_GameObject: {fileID: 195932}
  m_Enabled: 0
  m_CastShadows: 1
  m_ReceiveShadows: 1
  m_LightmapIndex: 255
  m_LightmapTilingOffset: {x: 1, y: 1, z: 0, w: 0}
  m_Materials:
  - {fileID: 2100000, guid: 6642d2c09a38e97488d437f9df880057, type: 2}
  - {fileID: 2100000, guid: 7e6a2c942719cec40a570c9572948aa7, type: 2}
  m_SubsetIndices: 
  m_StaticBatchRoot: {fileID: 0}
  m_UseLightProbes: 0
  m_LightProbeAnchor: {fileID: 0}
  m_ScaleInLightmap: 1
  m_SortingLayerID: 0
  m_SortingOrder: 0
--- !u!23 &2395934
Renderer:
  m_ObjectHideFlags: 1
  m_PrefabParentObject: {fileID: 0}
  m_PrefabInternal: {fileID: 100100000}
  m_GameObject: {fileID: 195934}
  m_Enabled: 0
  m_CastShadows: 1
  m_ReceiveShadows: 1
  m_LightmapIndex: 255
  m_LightmapTilingOffset: {x: 1, y: 1, z: 0, w: 0}
  m_Materials:
  - {fileID: 2100000, guid: 6642d2c09a38e97488d437f9df880057, type: 2}
  - {fileID: 2100000, guid: 7e6a2c942719cec40a570c9572948aa7, type: 2}
  m_SubsetIndices: 
  m_StaticBatchRoot: {fileID: 0}
  m_UseLightProbes: 0
  m_LightProbeAnchor: {fileID: 0}
  m_ScaleInLightmap: 1
  m_SortingLayerID: 0
  m_SortingOrder: 0
--- !u!23 &2395936
Renderer:
  m_ObjectHideFlags: 1
  m_PrefabParentObject: {fileID: 0}
  m_PrefabInternal: {fileID: 100100000}
  m_GameObject: {fileID: 195936}
  m_Enabled: 0
  m_CastShadows: 1
  m_ReceiveShadows: 1
  m_LightmapIndex: 255
  m_LightmapTilingOffset: {x: 1, y: 1, z: 0, w: 0}
  m_Materials:
  - {fileID: 2100000, guid: 6642d2c09a38e97488d437f9df880057, type: 2}
  - {fileID: 2100000, guid: 7e6a2c942719cec40a570c9572948aa7, type: 2}
  m_SubsetIndices: 
  m_StaticBatchRoot: {fileID: 0}
  m_UseLightProbes: 0
  m_LightProbeAnchor: {fileID: 0}
  m_ScaleInLightmap: 1
  m_SortingLayerID: 0
  m_SortingOrder: 0
--- !u!23 &2395938
Renderer:
  m_ObjectHideFlags: 1
  m_PrefabParentObject: {fileID: 0}
  m_PrefabInternal: {fileID: 100100000}
  m_GameObject: {fileID: 195938}
  m_Enabled: 0
  m_CastShadows: 1
  m_ReceiveShadows: 1
  m_LightmapIndex: 255
  m_LightmapTilingOffset: {x: 1, y: 1, z: 0, w: 0}
  m_Materials:
  - {fileID: 2100000, guid: 6642d2c09a38e97488d437f9df880057, type: 2}
  - {fileID: 2100000, guid: 7e6a2c942719cec40a570c9572948aa7, type: 2}
  m_SubsetIndices: 
  m_StaticBatchRoot: {fileID: 0}
  m_UseLightProbes: 0
  m_LightProbeAnchor: {fileID: 0}
  m_ScaleInLightmap: 1
  m_SortingLayerID: 0
  m_SortingOrder: 0
--- !u!23 &2395940
Renderer:
  m_ObjectHideFlags: 1
  m_PrefabParentObject: {fileID: 0}
  m_PrefabInternal: {fileID: 100100000}
  m_GameObject: {fileID: 195940}
  m_Enabled: 0
  m_CastShadows: 1
  m_ReceiveShadows: 1
  m_LightmapIndex: 255
  m_LightmapTilingOffset: {x: 1, y: 1, z: 0, w: 0}
  m_Materials:
  - {fileID: 2100000, guid: 6642d2c09a38e97488d437f9df880057, type: 2}
  - {fileID: 2100000, guid: 7e6a2c942719cec40a570c9572948aa7, type: 2}
  m_SubsetIndices: 
  m_StaticBatchRoot: {fileID: 0}
  m_UseLightProbes: 0
  m_LightProbeAnchor: {fileID: 0}
  m_ScaleInLightmap: 1
  m_SortingLayerID: 0
  m_SortingOrder: 0
--- !u!23 &2395942
Renderer:
  m_ObjectHideFlags: 1
  m_PrefabParentObject: {fileID: 0}
  m_PrefabInternal: {fileID: 100100000}
  m_GameObject: {fileID: 195942}
  m_Enabled: 0
  m_CastShadows: 1
  m_ReceiveShadows: 1
  m_LightmapIndex: 255
  m_LightmapTilingOffset: {x: 1, y: 1, z: 0, w: 0}
  m_Materials:
  - {fileID: 2100000, guid: 6642d2c09a38e97488d437f9df880057, type: 2}
  - {fileID: 2100000, guid: 7e6a2c942719cec40a570c9572948aa7, type: 2}
  m_SubsetIndices: 
  m_StaticBatchRoot: {fileID: 0}
  m_UseLightProbes: 0
  m_LightProbeAnchor: {fileID: 0}
  m_ScaleInLightmap: 1
  m_SortingLayerID: 0
  m_SortingOrder: 0
--- !u!23 &2395944
Renderer:
  m_ObjectHideFlags: 1
  m_PrefabParentObject: {fileID: 0}
  m_PrefabInternal: {fileID: 100100000}
  m_GameObject: {fileID: 195944}
  m_Enabled: 0
  m_CastShadows: 1
  m_ReceiveShadows: 1
  m_LightmapIndex: 255
  m_LightmapTilingOffset: {x: 1, y: 1, z: 0, w: 0}
  m_Materials:
  - {fileID: 2100000, guid: 6642d2c09a38e97488d437f9df880057, type: 2}
  - {fileID: 2100000, guid: 7e6a2c942719cec40a570c9572948aa7, type: 2}
  m_SubsetIndices: 
  m_StaticBatchRoot: {fileID: 0}
  m_UseLightProbes: 0
  m_LightProbeAnchor: {fileID: 0}
  m_ScaleInLightmap: 1
  m_SortingLayerID: 0
  m_SortingOrder: 0
--- !u!23 &2395946
Renderer:
  m_ObjectHideFlags: 1
  m_PrefabParentObject: {fileID: 0}
  m_PrefabInternal: {fileID: 100100000}
  m_GameObject: {fileID: 195946}
  m_Enabled: 0
  m_CastShadows: 1
  m_ReceiveShadows: 1
  m_LightmapIndex: 255
  m_LightmapTilingOffset: {x: 1, y: 1, z: 0, w: 0}
  m_Materials:
  - {fileID: 2100000, guid: 6642d2c09a38e97488d437f9df880057, type: 2}
  - {fileID: 2100000, guid: 7e6a2c942719cec40a570c9572948aa7, type: 2}
  m_SubsetIndices: 
  m_StaticBatchRoot: {fileID: 0}
  m_UseLightProbes: 0
  m_LightProbeAnchor: {fileID: 0}
  m_ScaleInLightmap: 1
  m_SortingLayerID: 0
  m_SortingOrder: 0
--- !u!23 &2395948
Renderer:
  m_ObjectHideFlags: 1
  m_PrefabParentObject: {fileID: 0}
  m_PrefabInternal: {fileID: 100100000}
  m_GameObject: {fileID: 195948}
  m_Enabled: 0
  m_CastShadows: 1
  m_ReceiveShadows: 1
  m_LightmapIndex: 255
  m_LightmapTilingOffset: {x: 1, y: 1, z: 0, w: 0}
  m_Materials:
  - {fileID: 2100000, guid: 6642d2c09a38e97488d437f9df880057, type: 2}
  - {fileID: 2100000, guid: 7e6a2c942719cec40a570c9572948aa7, type: 2}
  m_SubsetIndices: 
  m_StaticBatchRoot: {fileID: 0}
  m_UseLightProbes: 0
  m_LightProbeAnchor: {fileID: 0}
  m_ScaleInLightmap: 1
  m_SortingLayerID: 0
  m_SortingOrder: 0
--- !u!23 &2395950
Renderer:
  m_ObjectHideFlags: 1
  m_PrefabParentObject: {fileID: 0}
  m_PrefabInternal: {fileID: 100100000}
  m_GameObject: {fileID: 195950}
  m_Enabled: 0
  m_CastShadows: 1
  m_ReceiveShadows: 1
  m_LightmapIndex: 255
  m_LightmapTilingOffset: {x: 1, y: 1, z: 0, w: 0}
  m_Materials:
  - {fileID: 2100000, guid: 6642d2c09a38e97488d437f9df880057, type: 2}
  - {fileID: 2100000, guid: 7e6a2c942719cec40a570c9572948aa7, type: 2}
  m_SubsetIndices: 
  m_StaticBatchRoot: {fileID: 0}
  m_UseLightProbes: 0
  m_LightProbeAnchor: {fileID: 0}
  m_ScaleInLightmap: 1
  m_SortingLayerID: 0
  m_SortingOrder: 0
--- !u!23 &2395952
Renderer:
  m_ObjectHideFlags: 1
  m_PrefabParentObject: {fileID: 0}
  m_PrefabInternal: {fileID: 100100000}
  m_GameObject: {fileID: 195952}
  m_Enabled: 0
  m_CastShadows: 1
  m_ReceiveShadows: 1
  m_LightmapIndex: 255
  m_LightmapTilingOffset: {x: 1, y: 1, z: 0, w: 0}
  m_Materials:
  - {fileID: 2100000, guid: 6642d2c09a38e97488d437f9df880057, type: 2}
  - {fileID: 2100000, guid: 7e6a2c942719cec40a570c9572948aa7, type: 2}
  m_SubsetIndices: 
  m_StaticBatchRoot: {fileID: 0}
  m_UseLightProbes: 0
  m_LightProbeAnchor: {fileID: 0}
  m_ScaleInLightmap: 1
  m_SortingLayerID: 0
  m_SortingOrder: 0
--- !u!23 &2395954
Renderer:
  m_ObjectHideFlags: 1
  m_PrefabParentObject: {fileID: 0}
  m_PrefabInternal: {fileID: 100100000}
  m_GameObject: {fileID: 195954}
  m_Enabled: 0
  m_CastShadows: 1
  m_ReceiveShadows: 1
  m_LightmapIndex: 255
  m_LightmapTilingOffset: {x: 1, y: 1, z: 0, w: 0}
  m_Materials:
  - {fileID: 2100000, guid: 6642d2c09a38e97488d437f9df880057, type: 2}
  - {fileID: 2100000, guid: 7e6a2c942719cec40a570c9572948aa7, type: 2}
  m_SubsetIndices: 
  m_StaticBatchRoot: {fileID: 0}
  m_UseLightProbes: 0
  m_LightProbeAnchor: {fileID: 0}
  m_ScaleInLightmap: 1
  m_SortingLayerID: 0
  m_SortingOrder: 0
--- !u!23 &2395956
Renderer:
  m_ObjectHideFlags: 1
  m_PrefabParentObject: {fileID: 0}
  m_PrefabInternal: {fileID: 100100000}
  m_GameObject: {fileID: 195956}
  m_Enabled: 0
  m_CastShadows: 1
  m_ReceiveShadows: 1
  m_LightmapIndex: 255
  m_LightmapTilingOffset: {x: 1, y: 1, z: 0, w: 0}
  m_Materials:
  - {fileID: 2100000, guid: 6642d2c09a38e97488d437f9df880057, type: 2}
  - {fileID: 2100000, guid: 7e6a2c942719cec40a570c9572948aa7, type: 2}
  m_SubsetIndices: 
  m_StaticBatchRoot: {fileID: 0}
  m_UseLightProbes: 0
  m_LightProbeAnchor: {fileID: 0}
  m_ScaleInLightmap: 1
  m_SortingLayerID: 0
  m_SortingOrder: 0
--- !u!23 &2395958
Renderer:
  m_ObjectHideFlags: 1
  m_PrefabParentObject: {fileID: 0}
  m_PrefabInternal: {fileID: 100100000}
  m_GameObject: {fileID: 195958}
  m_Enabled: 0
  m_CastShadows: 1
  m_ReceiveShadows: 1
  m_LightmapIndex: 255
  m_LightmapTilingOffset: {x: 1, y: 1, z: 0, w: 0}
  m_Materials:
  - {fileID: 2100000, guid: 6642d2c09a38e97488d437f9df880057, type: 2}
  - {fileID: 2100000, guid: 7e6a2c942719cec40a570c9572948aa7, type: 2}
  m_SubsetIndices: 
  m_StaticBatchRoot: {fileID: 0}
  m_UseLightProbes: 0
  m_LightProbeAnchor: {fileID: 0}
  m_ScaleInLightmap: 1
  m_SortingLayerID: 0
  m_SortingOrder: 0
--- !u!23 &2395960
Renderer:
  m_ObjectHideFlags: 1
  m_PrefabParentObject: {fileID: 0}
  m_PrefabInternal: {fileID: 100100000}
  m_GameObject: {fileID: 195960}
  m_Enabled: 0
  m_CastShadows: 1
  m_ReceiveShadows: 1
  m_LightmapIndex: 255
  m_LightmapTilingOffset: {x: 1, y: 1, z: 0, w: 0}
  m_Materials:
  - {fileID: 2100000, guid: 6642d2c09a38e97488d437f9df880057, type: 2}
  - {fileID: 2100000, guid: 7e6a2c942719cec40a570c9572948aa7, type: 2}
  m_SubsetIndices: 
  m_StaticBatchRoot: {fileID: 0}
  m_UseLightProbes: 0
  m_LightProbeAnchor: {fileID: 0}
  m_ScaleInLightmap: 1
  m_SortingLayerID: 0
  m_SortingOrder: 0
--- !u!23 &2395962
Renderer:
  m_ObjectHideFlags: 1
  m_PrefabParentObject: {fileID: 0}
  m_PrefabInternal: {fileID: 100100000}
  m_GameObject: {fileID: 195962}
  m_Enabled: 1
  m_CastShadows: 1
  m_ReceiveShadows: 1
  m_LightmapIndex: 255
  m_LightmapTilingOffset: {x: 1, y: 1, z: 0, w: 0}
  m_Materials:
  - {fileID: 2100000, guid: 6642d2c09a38e97488d437f9df880057, type: 2}
  m_SubsetIndices: 
  m_StaticBatchRoot: {fileID: 0}
  m_UseLightProbes: 0
  m_LightProbeAnchor: {fileID: 0}
  m_ScaleInLightmap: 1
  m_SortingLayerID: 0
  m_SortingOrder: 0
--- !u!33 &3395932
MeshFilter:
  m_ObjectHideFlags: 1
  m_PrefabParentObject: {fileID: 0}
  m_PrefabInternal: {fileID: 100100000}
  m_GameObject: {fileID: 195932}
  m_Mesh: {fileID: 4300000, guid: 7abb33b7d8b6d874f8c48ed80e2dde49, type: 2}
--- !u!33 &3395934
MeshFilter:
  m_ObjectHideFlags: 1
  m_PrefabParentObject: {fileID: 0}
  m_PrefabInternal: {fileID: 100100000}
  m_GameObject: {fileID: 195934}
  m_Mesh: {fileID: 4330102, guid: 7abb33b7d8b6d874f8c48ed80e2dde49, type: 2}
--- !u!33 &3395936
MeshFilter:
  m_ObjectHideFlags: 1
  m_PrefabParentObject: {fileID: 0}
  m_PrefabInternal: {fileID: 100100000}
  m_GameObject: {fileID: 195936}
  m_Mesh: {fileID: 4340082, guid: 7abb33b7d8b6d874f8c48ed80e2dde49, type: 2}
--- !u!33 &3395938
MeshFilter:
  m_ObjectHideFlags: 1
  m_PrefabParentObject: {fileID: 0}
  m_PrefabInternal: {fileID: 100100000}
  m_GameObject: {fileID: 195938}
  m_Mesh: {fileID: 4340084, guid: 7abb33b7d8b6d874f8c48ed80e2dde49, type: 2}
--- !u!33 &3395940
MeshFilter:
  m_ObjectHideFlags: 1
  m_PrefabParentObject: {fileID: 0}
  m_PrefabInternal: {fileID: 100100000}
  m_GameObject: {fileID: 195940}
  m_Mesh: {fileID: 4340086, guid: 7abb33b7d8b6d874f8c48ed80e2dde49, type: 2}
--- !u!33 &3395942
MeshFilter:
  m_ObjectHideFlags: 1
  m_PrefabParentObject: {fileID: 0}
  m_PrefabInternal: {fileID: 100100000}
  m_GameObject: {fileID: 195942}
  m_Mesh: {fileID: 4340088, guid: 7abb33b7d8b6d874f8c48ed80e2dde49, type: 2}
--- !u!33 &3395944
MeshFilter:
  m_ObjectHideFlags: 1
  m_PrefabParentObject: {fileID: 0}
  m_PrefabInternal: {fileID: 100100000}
  m_GameObject: {fileID: 195944}
  m_Mesh: {fileID: 4340090, guid: 7abb33b7d8b6d874f8c48ed80e2dde49, type: 2}
--- !u!33 &3395946
MeshFilter:
  m_ObjectHideFlags: 1
  m_PrefabParentObject: {fileID: 0}
  m_PrefabInternal: {fileID: 100100000}
  m_GameObject: {fileID: 195946}
  m_Mesh: {fileID: 4340092, guid: 7abb33b7d8b6d874f8c48ed80e2dde49, type: 2}
--- !u!33 &3395948
MeshFilter:
  m_ObjectHideFlags: 1
  m_PrefabParentObject: {fileID: 0}
  m_PrefabInternal: {fileID: 100100000}
  m_GameObject: {fileID: 195948}
  m_Mesh: {fileID: 4340094, guid: 7abb33b7d8b6d874f8c48ed80e2dde49, type: 2}
--- !u!33 &3395950
MeshFilter:
  m_ObjectHideFlags: 1
  m_PrefabParentObject: {fileID: 0}
  m_PrefabInternal: {fileID: 100100000}
  m_GameObject: {fileID: 195950}
  m_Mesh: {fileID: 4335244, guid: 7abb33b7d8b6d874f8c48ed80e2dde49, type: 2}
--- !u!33 &3395952
MeshFilter:
  m_ObjectHideFlags: 1
  m_PrefabParentObject: {fileID: 0}
  m_PrefabInternal: {fileID: 100100000}
  m_GameObject: {fileID: 195952}
  m_Mesh: {fileID: 4335242, guid: 7abb33b7d8b6d874f8c48ed80e2dde49, type: 2}
--- !u!33 &3395954
MeshFilter:
  m_ObjectHideFlags: 1
  m_PrefabParentObject: {fileID: 0}
  m_PrefabInternal: {fileID: 100100000}
  m_GameObject: {fileID: 195954}
  m_Mesh: {fileID: 4335240, guid: 7abb33b7d8b6d874f8c48ed80e2dde49, type: 2}
--- !u!33 &3395956
MeshFilter:
  m_ObjectHideFlags: 1
  m_PrefabParentObject: {fileID: 0}
  m_PrefabInternal: {fileID: 100100000}
  m_GameObject: {fileID: 195956}
  m_Mesh: {fileID: 4335238, guid: 7abb33b7d8b6d874f8c48ed80e2dde49, type: 2}
--- !u!33 &3395958
MeshFilter:
  m_ObjectHideFlags: 1
  m_PrefabParentObject: {fileID: 0}
  m_PrefabInternal: {fileID: 100100000}
  m_GameObject: {fileID: 195958}
  m_Mesh: {fileID: 4335236, guid: 7abb33b7d8b6d874f8c48ed80e2dde49, type: 2}
--- !u!33 &3395960
MeshFilter:
  m_ObjectHideFlags: 1
  m_PrefabParentObject: {fileID: 0}
  m_PrefabInternal: {fileID: 100100000}
  m_GameObject: {fileID: 195960}
  m_Mesh: {fileID: 4335234, guid: 7abb33b7d8b6d874f8c48ed80e2dde49, type: 2}
--- !u!33 &3395962
MeshFilter:
  m_ObjectHideFlags: 1
  m_PrefabParentObject: {fileID: 0}
  m_PrefabInternal: {fileID: 100100000}
  m_GameObject: {fileID: 195962}
  m_Mesh: {fileID: 4372326, guid: 7abb33b7d8b6d874f8c48ed80e2dde49, type: 2}
--- !u!54 &5495934
Rigidbody:
  m_ObjectHideFlags: 1
  m_PrefabParentObject: {fileID: 0}
  m_PrefabInternal: {fileID: 100100000}
  m_GameObject: {fileID: 195932}
  serializedVersion: 2
  m_Mass: 1.26413405
  m_Drag: 0
  m_AngularDrag: .0500000007
  m_UseGravity: 1
  m_IsKinematic: 1
  m_Interpolate: 0
  m_Constraints: 0
  m_CollisionDetection: 0
--- !u!54 &5495936
Rigidbody:
  m_ObjectHideFlags: 1
  m_PrefabParentObject: {fileID: 0}
  m_PrefabInternal: {fileID: 100100000}
  m_GameObject: {fileID: 195934}
  serializedVersion: 2
  m_Mass: 1.1368773
  m_Drag: 0
  m_AngularDrag: .0500000007
  m_UseGravity: 1
  m_IsKinematic: 1
  m_Interpolate: 0
  m_Constraints: 0
  m_CollisionDetection: 0
--- !u!54 &5495938
Rigidbody:
  m_ObjectHideFlags: 1
  m_PrefabParentObject: {fileID: 0}
  m_PrefabInternal: {fileID: 100100000}
  m_GameObject: {fileID: 195936}
  serializedVersion: 2
  m_Mass: .963213563
  m_Drag: 0
  m_AngularDrag: .0500000007
  m_UseGravity: 1
  m_IsKinematic: 1
  m_Interpolate: 0
  m_Constraints: 0
  m_CollisionDetection: 0
--- !u!54 &5495940
Rigidbody:
  m_ObjectHideFlags: 1
  m_PrefabParentObject: {fileID: 0}
  m_PrefabInternal: {fileID: 100100000}
  m_GameObject: {fileID: 195938}
  serializedVersion: 2
  m_Mass: 1.09242392
  m_Drag: 0
  m_AngularDrag: .0500000007
  m_UseGravity: 1
  m_IsKinematic: 1
  m_Interpolate: 0
  m_Constraints: 0
  m_CollisionDetection: 0
--- !u!54 &5495942
Rigidbody:
  m_ObjectHideFlags: 1
  m_PrefabParentObject: {fileID: 0}
  m_PrefabInternal: {fileID: 100100000}
  m_GameObject: {fileID: 195940}
  serializedVersion: 2
  m_Mass: 1.10020745
  m_Drag: 0
  m_AngularDrag: .0500000007
  m_UseGravity: 1
  m_IsKinematic: 1
  m_Interpolate: 0
  m_Constraints: 0
  m_CollisionDetection: 0
--- !u!54 &5495944
Rigidbody:
  m_ObjectHideFlags: 1
  m_PrefabParentObject: {fileID: 0}
  m_PrefabInternal: {fileID: 100100000}
  m_GameObject: {fileID: 195942}
  serializedVersion: 2
  m_Mass: .876671374
  m_Drag: 0
  m_AngularDrag: .0500000007
  m_UseGravity: 1
  m_IsKinematic: 1
  m_Interpolate: 0
  m_Constraints: 0
  m_CollisionDetection: 0
--- !u!54 &5495946
Rigidbody:
  m_ObjectHideFlags: 1
  m_PrefabParentObject: {fileID: 0}
  m_PrefabInternal: {fileID: 100100000}
  m_GameObject: {fileID: 195944}
  serializedVersion: 2
  m_Mass: 1.04960048
  m_Drag: 0
  m_AngularDrag: .0500000007
  m_UseGravity: 1
  m_IsKinematic: 1
  m_Interpolate: 0
  m_Constraints: 0
  m_CollisionDetection: 0
--- !u!54 &5495948
Rigidbody:
  m_ObjectHideFlags: 1
  m_PrefabParentObject: {fileID: 0}
  m_PrefabInternal: {fileID: 100100000}
  m_GameObject: {fileID: 195946}
  serializedVersion: 2
  m_Mass: .855411768
  m_Drag: 0
  m_AngularDrag: .0500000007
  m_UseGravity: 1
  m_IsKinematic: 1
  m_Interpolate: 0
  m_Constraints: 0
  m_CollisionDetection: 0
--- !u!54 &5495950
Rigidbody:
  m_ObjectHideFlags: 1
  m_PrefabParentObject: {fileID: 0}
  m_PrefabInternal: {fileID: 100100000}
  m_GameObject: {fileID: 195948}
  serializedVersion: 2
  m_Mass: .834141731
  m_Drag: 0
  m_AngularDrag: .0500000007
  m_UseGravity: 1
  m_IsKinematic: 1
  m_Interpolate: 0
  m_Constraints: 0
  m_CollisionDetection: 0
--- !u!54 &5495952
Rigidbody:
  m_ObjectHideFlags: 1
  m_PrefabParentObject: {fileID: 0}
  m_PrefabInternal: {fileID: 100100000}
  m_GameObject: {fileID: 195950}
  serializedVersion: 2
  m_Mass: .00578205287
  m_Drag: 0
  m_AngularDrag: .0500000007
  m_UseGravity: 1
  m_IsKinematic: 1
  m_Interpolate: 0
  m_Constraints: 0
  m_CollisionDetection: 0
--- !u!54 &5495954
Rigidbody:
  m_ObjectHideFlags: 1
  m_PrefabParentObject: {fileID: 0}
  m_PrefabInternal: {fileID: 100100000}
  m_GameObject: {fileID: 195952}
  serializedVersion: 2
  m_Mass: .803311348
  m_Drag: 0
  m_AngularDrag: .0500000007
  m_UseGravity: 1
  m_IsKinematic: 1
  m_Interpolate: 0
  m_Constraints: 0
  m_CollisionDetection: 0
--- !u!54 &5495956
Rigidbody:
  m_ObjectHideFlags: 1
  m_PrefabParentObject: {fileID: 0}
  m_PrefabInternal: {fileID: 100100000}
  m_GameObject: {fileID: 195954}
  serializedVersion: 2
  m_Mass: .00613001361
  m_Drag: 0
  m_AngularDrag: .0500000007
  m_UseGravity: 1
  m_IsKinematic: 1
  m_Interpolate: 0
  m_Constraints: 0
  m_CollisionDetection: 0
--- !u!54 &5495958
Rigidbody:
  m_ObjectHideFlags: 1
  m_PrefabParentObject: {fileID: 0}
  m_PrefabInternal: {fileID: 100100000}
  m_GameObject: {fileID: 195956}
  serializedVersion: 2
  m_Mass: .00282145757
  m_Drag: 0
  m_AngularDrag: .0500000007
  m_UseGravity: 1
  m_IsKinematic: 1
  m_Interpolate: 0
  m_Constraints: 0
  m_CollisionDetection: 0
--- !u!54 &5495960
Rigidbody:
  m_ObjectHideFlags: 1
  m_PrefabParentObject: {fileID: 0}
  m_PrefabInternal: {fileID: 100100000}
  m_GameObject: {fileID: 195958}
  serializedVersion: 2
  m_Mass: .00602302561
  m_Drag: 0
  m_AngularDrag: .0500000007
  m_UseGravity: 1
  m_IsKinematic: 1
  m_Interpolate: 0
  m_Constraints: 0
  m_CollisionDetection: 0
--- !u!54 &5495962
Rigidbody:
  m_ObjectHideFlags: 1
  m_PrefabParentObject: {fileID: 0}
  m_PrefabInternal: {fileID: 100100000}
  m_GameObject: {fileID: 195960}
  serializedVersion: 2
  m_Mass: .00325033907
  m_Drag: 0
  m_AngularDrag: .0500000007
  m_UseGravity: 1
  m_IsKinematic: 1
  m_Interpolate: 0
  m_Constraints: 0
  m_CollisionDetection: 0
--- !u!65 &6595934
BoxCollider:
  m_ObjectHideFlags: 1
  m_PrefabParentObject: {fileID: 0}
  m_PrefabInternal: {fileID: 100100000}
  m_GameObject: {fileID: 195932}
  m_Material: {fileID: 0}
  m_IsTrigger: 0
  m_Enabled: 1
  serializedVersion: 2
  m_Size: {x: 1.27358317, y: 3.86799049, z: 2.9619782}
  m_Center: {x: -4.26325641e-14, y: 4.29153442e-06, z: -3.81469727e-06}
--- !u!65 &6595936
BoxCollider:
  m_ObjectHideFlags: 1
  m_PrefabParentObject: {fileID: 0}
  m_PrefabInternal: {fileID: 100100000}
  m_GameObject: {fileID: 195934}
  m_Material: {fileID: 0}
  m_IsTrigger: 0
  m_Enabled: 1
  serializedVersion: 2
  m_Size: {x: 1.27358317, y: 3.46081233, z: 2.97721124}
  m_Center: {x: 1.42108547e-14, y: 1.60932541e-06, z: -1.43051147e-06}
--- !u!65 &6595938
BoxCollider:
  m_ObjectHideFlags: 1
  m_PrefabParentObject: {fileID: 0}
  m_PrefabInternal: {fileID: 100100000}
  m_GameObject: {fileID: 195936}
  m_Material: {fileID: 0}
  m_IsTrigger: 0
  m_Enabled: 1
  serializedVersion: 2
  m_Size: {x: 1.27358305, y: 2.66430879, z: 3.27651525}
  m_Center: {x: -1.42108547e-14, y: 1.84774387e-06, z: -2.38418556e-06}
--- !u!65 &6595940
BoxCollider:
  m_ObjectHideFlags: 1
  m_PrefabParentObject: {fileID: 0}
  m_PrefabInternal: {fileID: 100100000}
  m_GameObject: {fileID: 195938}
  m_Material: {fileID: 0}
  m_IsTrigger: 0
  m_Enabled: 1
  serializedVersion: 2
  m_Size: {x: 1.27358305, y: 3.23276019, z: 3.0626111}
  m_Center: {x: -1.42108547e-14, y: 2.92062759e-06, z: -3.21865082e-06}
--- !u!65 &6595942
BoxCollider:
  m_ObjectHideFlags: 1
  m_PrefabParentObject: {fileID: 0}
  m_PrefabInternal: {fileID: 100100000}
  m_GameObject: {fileID: 195940}
  m_Material: {fileID: 0}
  m_IsTrigger: 0
  m_Enabled: 1
  serializedVersion: 2
  m_Size: {x: 1.27358317, y: 3.35971713, z: 2.96787763}
  m_Center: {x: 1.42108547e-14, y: 1.96695328e-06, z: -1.54972065e-06}
--- !u!65 &6595944
BoxCollider:
  m_ObjectHideFlags: 1
  m_PrefabParentObject: {fileID: 0}
  m_PrefabInternal: {fileID: 100100000}
  m_GameObject: {fileID: 195942}
  m_Material: {fileID: 0}
  m_IsTrigger: 0
  m_Enabled: 1
  serializedVersion: 2
  m_Size: {x: 1.27358317, y: 2.63021898, z: 3.02077961}
  m_Center: {x: 1.58818678e-22, y: 1.19209278e-06, z: -1.31130207e-06}
--- !u!65 &6595946
BoxCollider:
  m_ObjectHideFlags: 1
  m_PrefabParentObject: {fileID: 0}
  m_PrefabInternal: {fileID: 100100000}
  m_GameObject: {fileID: 195944}
  m_Material: {fileID: 0}
  m_IsTrigger: 0
  m_Enabled: 1
  serializedVersion: 2
  m_Size: {x: 1.27358305, y: 3.28299141, z: 2.89753318}
  m_Center: {x: 2.98023224e-08, y: 8.34465027e-07, z: -8.34465084e-07}
--- !u!65 &6595948
BoxCollider:
  m_ObjectHideFlags: 1
  m_PrefabParentObject: {fileID: 0}
  m_PrefabInternal: {fileID: 100100000}
  m_GameObject: {fileID: 195946}
  m_Material: {fileID: 0}
  m_IsTrigger: 0
  m_Enabled: 1
  serializedVersion: 2
  m_Size: {x: 1.27358317, y: 2.7505095, z: 2.81861758}
  m_Center: {x: 2.84217094e-14, y: 2.14576721e-06, z: -1.78813934e-06}
--- !u!65 &6595950
BoxCollider:
  m_ObjectHideFlags: 1
  m_PrefabParentObject: {fileID: 0}
  m_PrefabInternal: {fileID: 100100000}
  m_GameObject: {fileID: 195948}
  m_Material: {fileID: 0}
  m_IsTrigger: 0
  m_Enabled: 1
  serializedVersion: 2
  m_Size: {x: 1.27358329, y: 2.51021028, z: 3.01164556}
  m_Center: {x: -2.98023082e-08, y: 1.25169754e-06, z: -2.02655792e-06}
--- !u!65 &6595952
BoxCollider:
  m_ObjectHideFlags: 1
  m_PrefabParentObject: {fileID: 0}
  m_PrefabInternal: {fileID: 100100000}
  m_GameObject: {fileID: 195950}
  m_Material: {fileID: 0}
  m_IsTrigger: 0
  m_Enabled: 1
  serializedVersion: 2
  m_Size: {x: .268077254, y: .497912556, z: .500000417}
  m_Center: {x: 5.21540606e-08, y: 8.21892385e-08, z: -3.11135562e-10}
--- !u!65 &6595954
BoxCollider:
  m_ObjectHideFlags: 1
  m_PrefabParentObject: {fileID: 0}
  m_PrefabInternal: {fileID: 100100000}
  m_GameObject: {fileID: 195952}
  m_Material: {fileID: 0}
  m_IsTrigger: 0
  m_Enabled: 1
  serializedVersion: 2
  m_Size: {x: 1.27358317, y: 2.27565002, z: 3.19928217}
  m_Center: {x: -4.26325641e-14, y: 1.84774387e-06, z: -3.15904595e-06}
--- !u!65 &6595956
BoxCollider:
  m_ObjectHideFlags: 1
  m_PrefabParentObject: {fileID: 0}
  m_PrefabInternal: {fileID: 100100000}
  m_GameObject: {fileID: 195954}
  m_Material: {fileID: 0}
  m_IsTrigger: 0
  m_Enabled: 1
  serializedVersion: 2
  m_Size: {x: .290361851, y: .497016281, z: .490289658}
  m_Center: {x: -4.47034836e-08, y: 2.75671505e-06, z: -2.98302643e-06}
--- !u!65 &6595958
BoxCollider:
  m_ObjectHideFlags: 1
  m_PrefabParentObject: {fileID: 0}
  m_PrefabInternal: {fileID: 100100000}
  m_GameObject: {fileID: 195956}
  m_Material: {fileID: 0}
  m_IsTrigger: 0
  m_Enabled: 1
  serializedVersion: 2
  m_Size: {x: .255120754, y: .294920683, z: .432836503}
  m_Center: {x: -4.47034765e-08, y: 1.26659884e-07, z: -3.72529279e-08}
--- !u!65 &6595960
BoxCollider:
  m_ObjectHideFlags: 1
  m_PrefabParentObject: {fileID: 0}
  m_PrefabInternal: {fileID: 100100000}
  m_GameObject: {fileID: 195958}
  m_Material: {fileID: 0}
  m_IsTrigger: 0
  m_Enabled: 1
  serializedVersion: 2
  m_Size: {x: .280312061, y: .496025413, z: .500000417}
  m_Center: {x: 7.45055573e-09, y: 2.27987766e-06, z: -3.08663584e-06}
--- !u!65 &6595962
BoxCollider:
  m_ObjectHideFlags: 1
  m_PrefabParentObject: {fileID: 0}
  m_PrefabInternal: {fileID: 100100000}
  m_GameObject: {fileID: 195960}
  m_Material: {fileID: 0}
  m_IsTrigger: 0
  m_Enabled: 1
  serializedVersion: 2
  m_Size: {x: .266598642, y: .28320989, z: .496894032}
  m_Center: {x: -5.21540606e-08, y: -1.49011576e-08, z: 3.18977946e-08}
--- !u!114 &11443078
MonoBehaviour:
  m_ObjectHideFlags: 1
  m_PrefabParentObject: {fileID: 0}
  m_PrefabInternal: {fileID: 100100000}
  m_GameObject: {fileID: 195930}
  m_Enabled: 1
  m_EditorHideFlags: 0
  m_Script: {fileID: 11500000, guid: 6b2181bc673abd741b14d4f7f2b7979c, type: 3}
  m_Name: 
  m_EditorClassIdentifier: 
  prefabName: Wood_Fence_Prefab
  objectMaterial: 0
  randomizeFactor: 100
  position: {x: 0, y: .769999981, z: 0}
  scale: {x: 1, y: 1, z: 1}
  rot: {x: -4.3297803e-17, y: .707106769, z: .707106888, w: -4.32978096e-17}
--- !u!114 &11495922
MonoBehaviour:
  m_ObjectHideFlags: 1
  m_PrefabParentObject: {fileID: 0}
  m_PrefabInternal: {fileID: 100100000}
  m_GameObject: {fileID: 195930}
  m_Enabled: 1
  m_EditorHideFlags: 0
  m_Script: {fileID: 11500000, guid: c52e48df0ab758a4b83a1eac26746ca2, type: 3}
  m_Name: 
  m_EditorClassIdentifier: 
  GUIExpandMain: 1
  SourceObject: {fileID: 0}
  GenerateIslands: 1
  GenerateChunkConnectionInfo: 1
  StartStatic: 0
  ChunkConnectionMinArea: 0
  ChunkConnectionStrength: .600000024
  ChunkHorizontalRadiusSupportStrength: Infinity
  SupportChunksAreIndestructible: 1
  ChunkIslandConnectionMaxDistance: .0199999996
  TotalMass: 10
  ChunkPhysicMaterial: {fileID: 0}
  MinColliderVolumeForBox: 1000
  CapPrecisionFix: 0
  InvertCapNormals: 0
  GUIExpandSplits: 1
  FracturePattern: 0
  VoronoiVolumeOptimization: 1
  VoronoiProximityOptimization: 1
  VoronoiMultithreading: 1
  VoronoiCellsXCount: 3
  VoronoiCellsYCount: 3
  VoronoiCellsZCount: 3
  VoronoiCellsXSizeVariation: .5
  VoronoiCellsYSizeVariation: .5
  VoronoiCellsZSizeVariation: .5
  GenerateNumChunks: 15
  SplitsWorldSpace: 1
  SplitRegularly: 1
  SplitXProbability: .333299994
  SplitYProbability: .333299994
  SplitZProbability: .333299994
  SplitSizeVariation: 0
  SplitXVariation: .600000024
  SplitYVariation: .600000024
  SplitZVariation: .600000024
  SplitMaterial: {fileID: 2100000, guid: 7e6a2c942719cec40a570c9572948aa7, type: 2}
  SplitMappingTileU: 1
  SplitMappingTileV: 1
  GUIExpandEvents: 1
  EventDetachMinMass: 2.5
  EventDetachMinVelocity: 10
  EventDetachExitForce: 2
  EventDetachUpwardsModifier: 0
  EventDetachSound: {fileID: 8300000, guid: 789264e95a7abd449b9ce6f1d5f53e28, type: 3}
  EventDetachPrefabsArray: []
  EventDetachCollisionCallMethod: 
  EventDetachCollisionCallGameObject: {fileID: 0}
  EventDetachedMinLifeTime: 10
  EventDetachedMaxLifeTime: 30
  EventDetachedOffscreenLifeTime: 2
  EventDetachedMinMass: 2.5
  EventDetachedMinVelocity: 10
  EventDetachedMaxSounds: 5
  EventDetachedSoundArray: []
  EventDetachedMaxPrefabs: 5
  EventDetachedPrefabsArray: []
  EventDetachedCollisionCallMethod: 
  EventDetachedCollisionCallGameObject: {fileID: 0}
  EventExplosionSound: {fileID: 0}
  EventExplosionPrefabsInstanceCount: 10
  EventExplosionPrefabsArray: []
  EventImpactSound: {fileID: 0}
  EventImpactPrefabsArray: []
  EventDetachedAnyCallMethod: 
  EventDetachedAnyCallGameObject: {fileID: 0}
  GUIExpandSupportPlanes: 1
  RandomSeed: 0
  DecomposePreview: 0
  AlwaysComputeColliders: 1
  ShowChunkConnectionLines: 0
  ShowChunkColoredState: 1
  ShowChunkColoredRandomly: 0
  SaveMeshDataToAsset: 1
  MeshAssetDataFile: Assets/Prefabs/Objects/Wood_Fence_FracturedMesh.asset
  Verbose: 0
  IntegrateWithConcaveCollider: 0
  ConcaveColliderAlgorithm: 0
  ConcaveColliderMaxHulls: 1
  ConcaveColliderMaxHullVertices: 64
  ConcaveColliderLegacySteps: 1
  ListSupportPlanes:
  - GUIExpanded: 1
    GUIName: New Support Plane
    GUIShowInScene: 1
    v3PlanePosition: {x: 3.64526876e-16, y: 4.78704357, z: -4.98507071}
    qPlaneRotation: {x: 0, y: 0, z: 0, w: 1}
    v3PlaneScale: {x: 1, y: 1, z: 1}
    planeMesh: {fileID: 4372328, guid: 7abb33b7d8b6d874f8c48ed80e2dde49, type: 2}
    fracturedObject: {fileID: 11495922}
  ListFracturedChunks:
  - {fileID: 11495924}
  - {fileID: 11495926}
  - {fileID: 11495928}
  - {fileID: 11495930}
  - {fileID: 11495932}
  - {fileID: 11495934}
  - {fileID: 11495936}
  - {fileID: 11495938}
  - {fileID: 11495940}
  - {fileID: 11495942}
  - {fileID: 11495944}
  - {fileID: 11495946}
  - {fileID: 11495948}
  - {fileID: 11495950}
  - {fileID: 11495952}
  SingleMeshObject: {fileID: 195962}
  IsUsingSingleMeshObjectDraw: 1
  DecomposeRadius: 12.5081539
--- !u!114 &11495924
MonoBehaviour:
  m_ObjectHideFlags: 1
  m_PrefabParentObject: {fileID: 0}
  m_PrefabInternal: {fileID: 100100000}
  m_GameObject: {fileID: 195932}
  m_Enabled: 1
  m_EditorHideFlags: 0
  m_Script: {fileID: 11500000, guid: 5fa904ef5e4d4634cad263d2ab76726b, type: 3}
  m_Name: 
  m_EditorClassIdentifier: 
  FracturedObjectSource: {fileID: 11495922}
  SplitSubMeshIndex: 1
  DontDeleteAfterBroken: 0
  IsSupportChunk: 1
  IsNonSupportedChunk: 0
  IsDetachedChunk: 0
  RelativeVolume: .126413405
  Volume: 14.5912962
  HasConcaveCollider: 0
  PreviewDecompositionValue: 0
  RandomMaterialColor: {r: .472357571, g: .362552434, b: .51417166, a: .699999988}
  Visited: 1
  ListAdjacentChunks:
  - chunk: {fileID: 11495928}
    fArea: 1.71445346
  - chunk: {fileID: 11495930}
    fArea: 4.85392189
  - chunk: {fileID: 11495944}
    fArea: 4.2206583
  m_v3InitialLocalPosition: {x: -8.94069956e-08, y: 8.67419243, z: -4.32218266}
  m_qInitialLocalRotation: {x: 0, y: 0, z: 0, w: 1}
  m_v3InitialLocalScale: {x: 1, y: 1, z: 1}
  m_bInitialLocalRotScaleInitialized: 1
--- !u!114 &11495926
MonoBehaviour:
  m_ObjectHideFlags: 1
  m_PrefabParentObject: {fileID: 0}
  m_PrefabInternal: {fileID: 100100000}
  m_GameObject: {fileID: 195934}
  m_Enabled: 1
  m_EditorHideFlags: 0
  m_Script: {fileID: 11500000, guid: 5fa904ef5e4d4634cad263d2ab76726b, type: 3}
  m_Name: 
  m_EditorClassIdentifier: 
  FracturedObjectSource: {fileID: 11495922}
  SplitSubMeshIndex: 1
  DontDeleteAfterBroken: 0
  IsSupportChunk: 0
  IsNonSupportedChunk: 0
  IsDetachedChunk: 0
  RelativeVolume: .113687731
  Volume: 13.1224327
  HasConcaveCollider: 0
  PreviewDecompositionValue: 0
  RandomMaterialColor: {r: .602648675, g: .054189451, b: .375676215, a: .699999988}
  Visited: 1
  ListAdjacentChunks:
  - chunk: {fileID: 11495932}
    fArea: 3.04578567
  - chunk: {fileID: 11495936}
    fArea: 5.29303408
  - chunk: {fileID: 11495940}
    fArea: 4.07585287
  - chunk: {fileID: 11495944}
    fArea: .724045336
  m_v3InitialLocalPosition: {x: 2.9802333e-08, y: 3.49844599, z: -1.72771561}
  m_qInitialLocalRotation: {x: 0, y: 0, z: 0, w: 1}
  m_v3InitialLocalScale: {x: 1, y: 1, z: 1}
  m_bInitialLocalRotScaleInitialized: 1
--- !u!114 &11495928
MonoBehaviour:
  m_ObjectHideFlags: 1
  m_PrefabParentObject: {fileID: 0}
  m_PrefabInternal: {fileID: 100100000}
  m_GameObject: {fileID: 195936}
  m_Enabled: 1
  m_EditorHideFlags: 0
  m_Script: {fileID: 11500000, guid: 5fa904ef5e4d4634cad263d2ab76726b, type: 3}
  m_Name: 
  m_EditorClassIdentifier: 
  FracturedObjectSource: {fileID: 11495922}
  SplitSubMeshIndex: 1
  DontDeleteAfterBroken: 0
  IsSupportChunk: 0
  IsNonSupportedChunk: 0
  IsDetachedChunk: 0
  RelativeVolume: .0963213593
  Volume: 11.1179152
  HasConcaveCollider: 0
  PreviewDecompositionValue: 0
  RandomMaterialColor: {r: .781755328, g: .772350192, b: .673471868, a: .699999988}
  Visited: 1
  ListAdjacentChunks:
  - chunk: {fileID: 11495924}
    fArea: 1.71445346
  - chunk: {fileID: 11495930}
    fArea: 4.6391058
  - chunk: {fileID: 11495940}
    fArea: 4.94658518
  - chunk: {fileID: 11495944}
    fArea: .978893399
  m_v3InitialLocalPosition: {x: -2.98023295e-08, y: 6.64881277, z: -1.87736869}
  m_qInitialLocalRotation: {x: 0, y: 0, z: 0, w: 1}
  m_v3InitialLocalScale: {x: 1, y: 1, z: 1}
  m_bInitialLocalRotScaleInitialized: 1
--- !u!114 &11495930
MonoBehaviour:
  m_ObjectHideFlags: 1
  m_PrefabParentObject: {fileID: 0}
  m_PrefabInternal: {fileID: 100100000}
  m_GameObject: {fileID: 195938}
  m_Enabled: 1
  m_EditorHideFlags: 0
  m_Script: {fileID: 11500000, guid: 5fa904ef5e4d4634cad263d2ab76726b, type: 3}
  m_Name: 
  m_EditorClassIdentifier: 
  FracturedObjectSource: {fileID: 11495922}
  SplitSubMeshIndex: 1
  DontDeleteAfterBroken: 0
  IsSupportChunk: 0
  IsNonSupportedChunk: 0
  IsDetachedChunk: 0
  RelativeVolume: .109242387
  Volume: 12.6093283
  HasConcaveCollider: 0
  PreviewDecompositionValue: 0
  RandomMaterialColor: {r: .932829857, g: .0109795341, b: .924092054, a: .699999988}
  Visited: 1
  ListAdjacentChunks:
  - chunk: {fileID: 11495924}
    fArea: 4.85392189
  - chunk: {fileID: 11495928}
    fArea: 4.6391058
  - chunk: {fileID: 11495946}
    fArea: .265999675
  m_v3InitialLocalPosition: {x: -2.98023295e-08, y: 8.99180698, z: -1.77041662}
  m_qInitialLocalRotation: {x: 0, y: 0, z: 0, w: 1}
  m_v3InitialLocalScale: {x: 1, y: 1, z: 1}
  m_bInitialLocalRotScaleInitialized: 1
--- !u!114 &11495932
MonoBehaviour:
  m_ObjectHideFlags: 1
  m_PrefabParentObject: {fileID: 0}
  m_PrefabInternal: {fileID: 100100000}
  m_GameObject: {fileID: 195940}
  m_Enabled: 1
  m_EditorHideFlags: 0
  m_Script: {fileID: 11500000, guid: 5fa904ef5e4d4634cad263d2ab76726b, type: 3}
  m_Name: 
  m_EditorClassIdentifier: 
  FracturedObjectSource: {fileID: 11495922}
  SplitSubMeshIndex: 1
  DontDeleteAfterBroken: 0
  IsSupportChunk: 1
  IsNonSupportedChunk: 0
  IsDetachedChunk: 0
  RelativeVolume: .110020749
  Volume: 12.6991701
  HasConcaveCollider: 0
  PreviewDecompositionValue: 0
  RandomMaterialColor: {r: .23137334, g: .817308307, b: .534842908, a: .699999988}
  Visited: 1
  ListAdjacentChunks:
  - chunk: {fileID: 11495926}
    fArea: 3.04578567
  - chunk: {fileID: 11495936}
    fArea: .867679119
  - chunk: {fileID: 11495938}
    fArea: 5.28162432
  - chunk: {fileID: 11495944}
    fArea: 4.36155176
  m_v3InitialLocalPosition: {x: 2.9802333e-08, y: 4.55196476, z: -4.31923199}
  m_qInitialLocalRotation: {x: 0, y: 0, z: 0, w: 1}
  m_v3InitialLocalScale: {x: 1, y: 1, z: 1}
  m_bInitialLocalRotScaleInitialized: 1
--- !u!114 &11495934
MonoBehaviour:
  m_ObjectHideFlags: 1
  m_PrefabParentObject: {fileID: 0}
  m_PrefabInternal: {fileID: 100100000}
  m_GameObject: {fileID: 195942}
  m_Enabled: 1
  m_EditorHideFlags: 0
  m_Script: {fileID: 11500000, guid: 5fa904ef5e4d4634cad263d2ab76726b, type: 3}
  m_Name: 
  m_EditorClassIdentifier: 
  FracturedObjectSource: {fileID: 11495922}
  SplitSubMeshIndex: 1
  DontDeleteAfterBroken: 0
  IsSupportChunk: 1
  IsNonSupportedChunk: 0
  IsDetachedChunk: 0
  RelativeVolume: .0876671374
  Volume: 10.1189995
  HasConcaveCollider: 0
  PreviewDecompositionValue: 0
  RandomMaterialColor: {r: .333393842, g: .554223359, b: .527687252, a: .699999988}
  Visited: 1
  ListAdjacentChunks:
  - chunk: {fileID: 11495936}
    fArea: 4.16032505
  - chunk: {fileID: 11495938}
    fArea: 4.41819906
  m_v3InitialLocalPosition: {x: 5.25713857e-16, y: 1.05172062, z: -4.29277945}
  m_qInitialLocalRotation: {x: 0, y: 0, z: 0, w: 1}
  m_v3InitialLocalScale: {x: 1, y: 1, z: 1}
  m_bInitialLocalRotScaleInitialized: 1
--- !u!114 &11495936
MonoBehaviour:
  m_ObjectHideFlags: 1
  m_PrefabParentObject: {fileID: 0}
  m_PrefabInternal: {fileID: 100100000}
  m_GameObject: {fileID: 195944}
  m_Enabled: 1
  m_EditorHideFlags: 0
  m_Script: {fileID: 11500000, guid: 5fa904ef5e4d4634cad263d2ab76726b, type: 3}
  m_Name: 
  m_EditorClassIdentifier: 
  FracturedObjectSource: {fileID: 11495922}
  SplitSubMeshIndex: 1
  DontDeleteAfterBroken: 0
  IsSupportChunk: 0
  IsNonSupportedChunk: 0
  IsDetachedChunk: 0
  RelativeVolume: .104960047
  Volume: 12.1150379
  HasConcaveCollider: 0
  PreviewDecompositionValue: 0
  RandomMaterialColor: {r: .745042741, g: .609948933, b: .362949044, a: .699999988}
  Visited: 1
  ListAdjacentChunks:
  - chunk: {fileID: 11495926}
    fArea: 5.29303408
  - chunk: {fileID: 11495932}
    fArea: .867679119
  - chunk: {fileID: 11495934}
    fArea: 4.16032505
  - chunk: {fileID: 11495938}
    fArea: .846452475
  - chunk: {fileID: 11495948}
    fArea: .180462569
  m_v3InitialLocalPosition: {x: -2.98023295e-08, y: 1.37810564, z: -1.68787599}
  m_qInitialLocalRotation: {x: 0, y: 0, z: 0, w: 1}
  m_v3InitialLocalScale: {x: 1, y: 1, z: 1}
  m_bInitialLocalRotScaleInitialized: 1
--- !u!114 &11495938
MonoBehaviour:
  m_ObjectHideFlags: 1
  m_PrefabParentObject: {fileID: 0}
  m_PrefabInternal: {fileID: 100100000}
  m_GameObject: {fileID: 195946}
  m_Enabled: 1
  m_EditorHideFlags: 0
  m_Script: {fileID: 11500000, guid: 5fa904ef5e4d4634cad263d2ab76726b, type: 3}
  m_Name: 
  m_EditorClassIdentifier: 
  FracturedObjectSource: {fileID: 11495922}
  SplitSubMeshIndex: 1
  DontDeleteAfterBroken: 0
  IsSupportChunk: 1
  IsNonSupportedChunk: 0
  IsDetachedChunk: 0
  RelativeVolume: .0855411738
  Volume: 9.87360954
  HasConcaveCollider: 0
  PreviewDecompositionValue: 0
  RandomMaterialColor: {r: .480359375, g: .1828679, b: .0181666631, a: .699999988}
  Visited: 1
  ListAdjacentChunks:
  - chunk: {fileID: 11495932}
    fArea: 5.28162384
  - chunk: {fileID: 11495934}
    fArea: 4.41819906
  - chunk: {fileID: 11495936}
    fArea: .846452475
  m_v3InitialLocalPosition: {x: 5.96046661e-08, y: 2.82513833, z: -4.39386129}
  m_qInitialLocalRotation: {x: 0, y: 0, z: 0, w: 1}
  m_v3InitialLocalScale: {x: 1, y: 1, z: 1}
  m_bInitialLocalRotScaleInitialized: 1
--- !u!114 &11495940
MonoBehaviour:
  m_ObjectHideFlags: 1
  m_PrefabParentObject: {fileID: 0}
  m_PrefabInternal: {fileID: 100100000}
  m_GameObject: {fileID: 195948}
  m_Enabled: 1
  m_EditorHideFlags: 0
  m_Script: {fileID: 11500000, guid: 5fa904ef5e4d4634cad263d2ab76726b, type: 3}
  m_Name: 
  m_EditorClassIdentifier: 
  FracturedObjectSource: {fileID: 11495922}
  SplitSubMeshIndex: 1
  DontDeleteAfterBroken: 0
  IsSupportChunk: 0
  IsNonSupportedChunk: 0
  IsDetachedChunk: 0
  RelativeVolume: .0834141746
  Volume: 9.6281004
  HasConcaveCollider: 0
  PreviewDecompositionValue: 0
  RandomMaterialColor: {r: .834006548, g: .56760627, b: .341172725, a: .699999988}
  Visited: 1
  ListAdjacentChunks:
  - chunk: {fileID: 11495926}
    fArea: 4.07585287
  - chunk: {fileID: 11495928}
    fArea: 4.94658518
  - chunk: {fileID: 11495944}
    fArea: 2.14697075
  m_v3InitialLocalPosition: {x: 5.96046661e-08, y: 5.36808014, z: -1.74493349}
  m_qInitialLocalRotation: {x: 0, y: 0, z: 0, w: 1}
  m_v3InitialLocalScale: {x: 1, y: 1, z: 1}
  m_bInitialLocalRotScaleInitialized: 1
--- !u!114 &11495942
MonoBehaviour:
  m_ObjectHideFlags: 1
  m_PrefabParentObject: {fileID: 0}
  m_PrefabInternal: {fileID: 100100000}
  m_GameObject: {fileID: 195950}
  m_Enabled: 1
  m_EditorHideFlags: 0
  m_Script: {fileID: 11500000, guid: 5fa904ef5e4d4634cad263d2ab76726b, type: 3}
  m_Name: 
  m_EditorClassIdentifier: 
  FracturedObjectSource: {fileID: 11495922}
  SplitSubMeshIndex: 1
  DontDeleteAfterBroken: 0
  IsSupportChunk: 0
  IsNonSupportedChunk: 0
  IsDetachedChunk: 0
  RelativeVolume: .000578205276
  Volume: .0667394772
  HasConcaveCollider: 0
  PreviewDecompositionValue: 0
  RandomMaterialColor: {r: .771127224, g: .927895427, b: .125302926, a: .699999988}
  Visited: 1
  ListAdjacentChunks:
  - chunk: {fileID: 11495948}
    fArea: .127236083
  - chunk: {fileID: 11495952}
    fArea: .1215569
  m_v3InitialLocalPosition: {x: .115961559, y: .00104388606, z: -4.46412685e-08}
  m_qInitialLocalRotation: {x: 0, y: 0, z: 0, w: 1}
  m_v3InitialLocalScale: {x: 1, y: 1, z: 1}
  m_bInitialLocalRotScaleInitialized: 1
--- !u!114 &11495944
MonoBehaviour:
  m_ObjectHideFlags: 1
  m_PrefabParentObject: {fileID: 0}
  m_PrefabInternal: {fileID: 100100000}
  m_GameObject: {fileID: 195952}
  m_Enabled: 1
  m_EditorHideFlags: 0
  m_Script: {fileID: 11500000, guid: 5fa904ef5e4d4634cad263d2ab76726b, type: 3}
  m_Name: 
  m_EditorClassIdentifier: 
  FracturedObjectSource: {fileID: 11495922}
  SplitSubMeshIndex: 1
  DontDeleteAfterBroken: 0
  IsSupportChunk: 1
  IsNonSupportedChunk: 0
  IsDetachedChunk: 0
  RelativeVolume: .0803311318
  Volume: 9.27223969
  HasConcaveCollider: 0
  PreviewDecompositionValue: 0
  RandomMaterialColor: {r: .736296713, g: .488712847, b: .204587966, a: .699999988}
  Visited: 1
  ListAdjacentChunks:
  - chunk: {fileID: 11495924}
    fArea: 4.2206583
  - chunk: {fileID: 11495926}
    fArea: .724045336
  - chunk: {fileID: 11495928}
    fArea: .978893399
  - chunk: {fileID: 11495932}
    fArea: 4.36155176
  - chunk: {fileID: 11495940}
    fArea: 2.14697075
  m_v3InitialLocalPosition: {x: -8.94069956e-08, y: 6.14025259, z: -4.20352888}
  m_qInitialLocalRotation: {x: 0, y: 0, z: 0, w: 1}
  m_v3InitialLocalScale: {x: 1, y: 1, z: 1}
  m_bInitialLocalRotScaleInitialized: 1
--- !u!114 &11495946
MonoBehaviour:
  m_ObjectHideFlags: 1
  m_PrefabParentObject: {fileID: 0}
  m_PrefabInternal: {fileID: 100100000}
  m_GameObject: {fileID: 195954}
  m_Enabled: 1
  m_EditorHideFlags: 0
  m_Script: {fileID: 11500000, guid: 5fa904ef5e4d4634cad263d2ab76726b, type: 3}
  m_Name: 
  m_EditorClassIdentifier: 
  FracturedObjectSource: {fileID: 11495922}
  SplitSubMeshIndex: 1
  DontDeleteAfterBroken: 0
  IsSupportChunk: 0
  IsNonSupportedChunk: 0
  IsDetachedChunk: 0
  RelativeVolume: .00061300135
  Volume: .0707558244
  HasConcaveCollider: 0
  PreviewDecompositionValue: 0
  RandomMaterialColor: {r: .246278673, g: .284095079, b: .724205554, a: .699999988}
  Visited: 1
  ListAdjacentChunks:
  - chunk: {fileID: 11495950}
    fArea: .248813778
  - chunk: {fileID: 11495930}
    fArea: .265999675
  m_v3InitialLocalPosition: {x: -.104819275, y: 10.3523016, z: -.00769366557}
  m_qInitialLocalRotation: {x: 0, y: 0, z: 0, w: 1}
  m_v3InitialLocalScale: {x: 1, y: 1, z: 1}
  m_bInitialLocalRotScaleInitialized: 1
--- !u!114 &11495948
MonoBehaviour:
  m_ObjectHideFlags: 1
  m_PrefabParentObject: {fileID: 0}
  m_PrefabInternal: {fileID: 100100000}
  m_GameObject: {fileID: 195956}
  m_Enabled: 1
  m_EditorHideFlags: 0
  m_Script: {fileID: 11500000, guid: 5fa904ef5e4d4634cad263d2ab76726b, type: 3}
  m_Name: 
  m_EditorClassIdentifier: 
  FracturedObjectSource: {fileID: 11495922}
  SplitSubMeshIndex: 1
  DontDeleteAfterBroken: 0
  IsSupportChunk: 0
  IsNonSupportedChunk: 0
  IsDetachedChunk: 0
  RelativeVolume: .000282145746
  Volume: .0325667374
  HasConcaveCollider: 0
  PreviewDecompositionValue: 0
  RandomMaterialColor: {r: .655275404, g: .762824535, b: .979581952, a: .699999988}
  Visited: 1
  ListAdjacentChunks:
  - chunk: {fileID: 11495942}
    fArea: .127236083
  - chunk: {fileID: 11495952}
    fArea: .122528523
  - chunk: {fileID: 11495936}
    fArea: .180462569
  m_v3InitialLocalPosition: {x: -.122439817, y: .100759365, z: -.0335819684}
  m_qInitialLocalRotation: {x: 0, y: 0, z: 0, w: 1}
  m_v3InitialLocalScale: {x: 1, y: 1, z: 1}
  m_bInitialLocalRotScaleInitialized: 1
--- !u!114 &11495950
MonoBehaviour:
  m_ObjectHideFlags: 1
  m_PrefabParentObject: {fileID: 0}
  m_PrefabInternal: {fileID: 100100000}
  m_GameObject: {fileID: 195958}
  m_Enabled: 1
  m_EditorHideFlags: 0
  m_Script: {fileID: 11500000, guid: 5fa904ef5e4d4634cad263d2ab76726b, type: 3}
  m_Name: 
  m_EditorClassIdentifier: 
  FracturedObjectSource: {fileID: 11495922}
  SplitSubMeshIndex: 1
  DontDeleteAfterBroken: 0
  IsSupportChunk: 0
  IsNonSupportedChunk: 0
  IsDetachedChunk: 0
  RelativeVolume: .000602302549
  Volume: .0695209131
  HasConcaveCollider: 0
  PreviewDecompositionValue: 0
  RandomMaterialColor: {r: .173552647, g: .910581112, b: .0800764635, a: .699999988}
  Visited: 1
  ListAdjacentChunks:
  - chunk: {fileID: 11495946}
    fArea: .248813778
  m_v3InitialLocalPosition: {x: .109844215, y: 10.3557816, z: -.00283816596}
  m_qInitialLocalRotation: {x: 0, y: 0, z: 0, w: 1}
  m_v3InitialLocalScale: {x: 1, y: 1, z: 1}
  m_bInitialLocalRotScaleInitialized: 1
--- !u!114 &11495952
MonoBehaviour:
  m_ObjectHideFlags: 1
  m_PrefabParentObject: {fileID: 0}
  m_PrefabInternal: {fileID: 100100000}
  m_GameObject: {fileID: 195960}
  m_Enabled: 1
  m_EditorHideFlags: 0
  m_Script: {fileID: 11500000, guid: 5fa904ef5e4d4634cad263d2ab76726b, type: 3}
  m_Name: 
  m_EditorClassIdentifier: 
  FracturedObjectSource: {fileID: 11495922}
  SplitSubMeshIndex: 1
  DontDeleteAfterBroken: 0
  IsSupportChunk: 0
  IsNonSupportedChunk: 0
  IsDetachedChunk: 0
  RelativeVolume: .000325033907
  Volume: .0375171155
  HasConcaveCollider: 0
  PreviewDecompositionValue: 0
  RandomMaterialColor: {r: .822216272, g: .456841886, b: .931185126, a: .699999988}
  Visited: 1
  ListAdjacentChunks:
  - chunk: {fileID: 11495942}
    fArea: .1215569
  - chunk: {fileID: 11495948}
    fArea: .122528523
  m_v3InitialLocalPosition: {x: -.11210122, y: -.108395174, z: -.00155312486}
  m_qInitialLocalRotation: {x: 0, y: 0, z: 0, w: 1}
  m_v3InitialLocalScale: {x: 1, y: 1, z: 1}
  m_bInitialLocalRotScaleInitialized: 1
--- !u!114 &11495954
MonoBehaviour:
  m_ObjectHideFlags: 1
  m_PrefabParentObject: {fileID: 0}
  m_PrefabInternal: {fileID: 100100000}
  m_GameObject: {fileID: 195944}
  m_Enabled: 1
  m_EditorHideFlags: 0
  m_Script: {fileID: 11500000, guid: a57e0e363027e48458f117bb7d1b39ff, type: 3}
  m_Name: 
  m_EditorClassIdentifier: 
  materialsList:
  - usingShader: 
    shaderVisible: 1
    name: 
    renderQueue: 0
    renderQueueResult: 0
    DiffuseAnimateUV: 0
    DiffuseInst: 1
    Diffuse_Name: _DiffuseTex
    Diffuse_Speed: {x: -.400000006, y: 0}
    Diffuse_UVOffset: {x: 0, y: 0}
    DiffuseRotateSpeed: 20
    Diffuse_UVRotate: 0
    DiffuseRotatePivot: {x: .5, y: .5}
    DecalAnimateUV: 0
    DecalInst: 1
    Decal_Name: _DecalTex
    Decal_Speed: {x: -.5, y: 0}
    Decal_UVOffset: {x: 0, y: 0}
    DecalRotateSpeed: 25
    Decal_UVRotate: 0
    DecalRotatePivot: {x: .5, y: .5}
    GlowAnimateUV: 0
    GlowInst: 1
    Glow_Name: _GlowTex
    Glow_Speed: {x: -.600000024, y: 0}
    Glow_UVOffset: {x: 0, y: 0}
    GlowRotateSpeed: 30
    Glow_UVRotate: 0
    GlowRotatePivot: {x: .5, y: .5}
  - usingShader: 
    shaderVisible: 1
    name: 
    renderQueue: 0
    renderQueueResult: 0
    DiffuseAnimateUV: 0
    DiffuseInst: 1
    Diffuse_Name: _DiffuseTex
    Diffuse_Speed: {x: -.400000006, y: 0}
    Diffuse_UVOffset: {x: 0, y: 0}
    DiffuseRotateSpeed: 20
    Diffuse_UVRotate: 0
    DiffuseRotatePivot: {x: .5, y: .5}
    DecalAnimateUV: 0
    DecalInst: 1
    Decal_Name: _DecalTex
    Decal_Speed: {x: -.5, y: 0}
    Decal_UVOffset: {x: 0, y: 0}
    DecalRotateSpeed: 25
    Decal_UVRotate: 0
    DecalRotatePivot: {x: .5, y: .5}
    GlowAnimateUV: 0
    GlowInst: 1
    Glow_Name: _GlowTex
    Glow_Speed: {x: -.600000024, y: 0}
    Glow_UVOffset: {x: 0, y: 0}
    GlowRotateSpeed: 30
    Glow_UVRotate: 0
    GlowRotatePivot: {x: .5, y: .5}
--- !u!114 &11495956
MonoBehaviour:
  m_ObjectHideFlags: 1
  m_PrefabParentObject: {fileID: 0}
  m_PrefabInternal: {fileID: 100100000}
  m_GameObject: {fileID: 195956}
  m_Enabled: 1
  m_EditorHideFlags: 0
  m_Script: {fileID: 11500000, guid: a57e0e363027e48458f117bb7d1b39ff, type: 3}
  m_Name: 
  m_EditorClassIdentifier: 
  materialsList:
  - usingShader: 
    shaderVisible: 1
    name: 
    renderQueue: 0
    renderQueueResult: 0
    DiffuseAnimateUV: 0
    DiffuseInst: 1
    Diffuse_Name: _DiffuseTex
    Diffuse_Speed: {x: -.400000006, y: 0}
    Diffuse_UVOffset: {x: 0, y: 0}
    DiffuseRotateSpeed: 20
    Diffuse_UVRotate: 0
    DiffuseRotatePivot: {x: .5, y: .5}
    DecalAnimateUV: 0
    DecalInst: 1
    Decal_Name: _DecalTex
    Decal_Speed: {x: -.5, y: 0}
    Decal_UVOffset: {x: 0, y: 0}
    DecalRotateSpeed: 25
    Decal_UVRotate: 0
    DecalRotatePivot: {x: .5, y: .5}
    GlowAnimateUV: 0
    GlowInst: 1
    Glow_Name: _GlowTex
    Glow_Speed: {x: -.600000024, y: 0}
    Glow_UVOffset: {x: 0, y: 0}
    GlowRotateSpeed: 30
    Glow_UVRotate: 0
    GlowRotatePivot: {x: .5, y: .5}
  - usingShader: 
    shaderVisible: 1
    name: 
    renderQueue: 0
    renderQueueResult: 0
    DiffuseAnimateUV: 0
    DiffuseInst: 1
    Diffuse_Name: _DiffuseTex
    Diffuse_Speed: {x: -.400000006, y: 0}
    Diffuse_UVOffset: {x: 0, y: 0}
    DiffuseRotateSpeed: 20
    Diffuse_UVRotate: 0
    DiffuseRotatePivot: {x: .5, y: .5}
    DecalAnimateUV: 0
    DecalInst: 1
    Decal_Name: _DecalTex
    Decal_Speed: {x: -.5, y: 0}
    Decal_UVOffset: {x: 0, y: 0}
    DecalRotateSpeed: 25
    Decal_UVRotate: 0
    DecalRotatePivot: {x: .5, y: .5}
    GlowAnimateUV: 0
    GlowInst: 1
    Glow_Name: _GlowTex
    Glow_Speed: {x: -.600000024, y: 0}
    Glow_UVOffset: {x: 0, y: 0}
    GlowRotateSpeed: 30
    Glow_UVRotate: 0
    GlowRotatePivot: {x: .5, y: .5}
--- !u!114 &11495958
MonoBehaviour:
  m_ObjectHideFlags: 1
  m_PrefabParentObject: {fileID: 0}
  m_PrefabInternal: {fileID: 100100000}
  m_GameObject: {fileID: 195938}
  m_Enabled: 1
  m_EditorHideFlags: 0
  m_Script: {fileID: 11500000, guid: a57e0e363027e48458f117bb7d1b39ff, type: 3}
  m_Name: 
  m_EditorClassIdentifier: 
  materialsList:
  - usingShader: 
    shaderVisible: 1
    name: 
    renderQueue: 0
    renderQueueResult: 0
    DiffuseAnimateUV: 0
    DiffuseInst: 1
    Diffuse_Name: _DiffuseTex
    Diffuse_Speed: {x: -.400000006, y: 0}
    Diffuse_UVOffset: {x: 0, y: 0}
    DiffuseRotateSpeed: 20
    Diffuse_UVRotate: 0
    DiffuseRotatePivot: {x: .5, y: .5}
    DecalAnimateUV: 0
    DecalInst: 1
    Decal_Name: _DecalTex
    Decal_Speed: {x: -.5, y: 0}
    Decal_UVOffset: {x: 0, y: 0}
    DecalRotateSpeed: 25
    Decal_UVRotate: 0
    DecalRotatePivot: {x: .5, y: .5}
    GlowAnimateUV: 0
    GlowInst: 1
    Glow_Name: _GlowTex
    Glow_Speed: {x: -.600000024, y: 0}
    Glow_UVOffset: {x: 0, y: 0}
    GlowRotateSpeed: 30
    Glow_UVRotate: 0
    GlowRotatePivot: {x: .5, y: .5}
  - usingShader: 
    shaderVisible: 1
    name: 
    renderQueue: 0
    renderQueueResult: 0
    DiffuseAnimateUV: 0
    DiffuseInst: 1
    Diffuse_Name: _DiffuseTex
    Diffuse_Speed: {x: -.400000006, y: 0}
    Diffuse_UVOffset: {x: 0, y: 0}
    DiffuseRotateSpeed: 20
    Diffuse_UVRotate: 0
    DiffuseRotatePivot: {x: .5, y: .5}
    DecalAnimateUV: 0
    DecalInst: 1
    Decal_Name: _DecalTex
    Decal_Speed: {x: -.5, y: 0}
    Decal_UVOffset: {x: 0, y: 0}
    DecalRotateSpeed: 25
    Decal_UVRotate: 0
    DecalRotatePivot: {x: .5, y: .5}
    GlowAnimateUV: 0
    GlowInst: 1
    Glow_Name: _GlowTex
    Glow_Speed: {x: -.600000024, y: 0}
    Glow_UVOffset: {x: 0, y: 0}
    GlowRotateSpeed: 30
    Glow_UVRotate: 0
    GlowRotatePivot: {x: .5, y: .5}
--- !u!114 &11495960
MonoBehaviour:
  m_ObjectHideFlags: 1
  m_PrefabParentObject: {fileID: 0}
  m_PrefabInternal: {fileID: 100100000}
  m_GameObject: {fileID: 195954}
  m_Enabled: 1
  m_EditorHideFlags: 0
  m_Script: {fileID: 11500000, guid: a57e0e363027e48458f117bb7d1b39ff, type: 3}
  m_Name: 
  m_EditorClassIdentifier: 
  materialsList:
  - usingShader: 
    shaderVisible: 1
    name: 
    renderQueue: 0
    renderQueueResult: 0
    DiffuseAnimateUV: 0
    DiffuseInst: 1
    Diffuse_Name: _DiffuseTex
    Diffuse_Speed: {x: -.400000006, y: 0}
    Diffuse_UVOffset: {x: 0, y: 0}
    DiffuseRotateSpeed: 20
    Diffuse_UVRotate: 0
    DiffuseRotatePivot: {x: .5, y: .5}
    DecalAnimateUV: 0
    DecalInst: 1
    Decal_Name: _DecalTex
    Decal_Speed: {x: -.5, y: 0}
    Decal_UVOffset: {x: 0, y: 0}
    DecalRotateSpeed: 25
    Decal_UVRotate: 0
    DecalRotatePivot: {x: .5, y: .5}
    GlowAnimateUV: 0
    GlowInst: 1
    Glow_Name: _GlowTex
    Glow_Speed: {x: -.600000024, y: 0}
    Glow_UVOffset: {x: 0, y: 0}
    GlowRotateSpeed: 30
    Glow_UVRotate: 0
    GlowRotatePivot: {x: .5, y: .5}
  - usingShader: 
    shaderVisible: 1
    name: 
    renderQueue: 0
    renderQueueResult: 0
    DiffuseAnimateUV: 0
    DiffuseInst: 1
    Diffuse_Name: _DiffuseTex
    Diffuse_Speed: {x: -.400000006, y: 0}
    Diffuse_UVOffset: {x: 0, y: 0}
    DiffuseRotateSpeed: 20
    Diffuse_UVRotate: 0
    DiffuseRotatePivot: {x: .5, y: .5}
    DecalAnimateUV: 0
    DecalInst: 1
    Decal_Name: _DecalTex
    Decal_Speed: {x: -.5, y: 0}
    Decal_UVOffset: {x: 0, y: 0}
    DecalRotateSpeed: 25
    Decal_UVRotate: 0
    DecalRotatePivot: {x: .5, y: .5}
    GlowAnimateUV: 0
    GlowInst: 1
    Glow_Name: _GlowTex
    Glow_Speed: {x: -.600000024, y: 0}
    Glow_UVOffset: {x: 0, y: 0}
    GlowRotateSpeed: 30
    Glow_UVRotate: 0
    GlowRotatePivot: {x: .5, y: .5}
--- !u!114 &11495962
MonoBehaviour:
  m_ObjectHideFlags: 1
  m_PrefabParentObject: {fileID: 0}
  m_PrefabInternal: {fileID: 100100000}
  m_GameObject: {fileID: 195962}
  m_Enabled: 1
  m_EditorHideFlags: 0
  m_Script: {fileID: 11500000, guid: a57e0e363027e48458f117bb7d1b39ff, type: 3}
  m_Name: 
  m_EditorClassIdentifier: 
  materialsList:
  - usingShader: 
    shaderVisible: 1
    name: 
    renderQueue: 0
    renderQueueResult: 0
    DiffuseAnimateUV: 0
    DiffuseInst: 1
    Diffuse_Name: _DiffuseTex
    Diffuse_Speed: {x: -.400000006, y: 0}
    Diffuse_UVOffset: {x: 0, y: 0}
    DiffuseRotateSpeed: 20
    Diffuse_UVRotate: 0
    DiffuseRotatePivot: {x: .5, y: .5}
    DecalAnimateUV: 0
    DecalInst: 1
    Decal_Name: _DecalTex
    Decal_Speed: {x: -.5, y: 0}
    Decal_UVOffset: {x: 0, y: 0}
    DecalRotateSpeed: 25
    Decal_UVRotate: 0
    DecalRotatePivot: {x: .5, y: .5}
    GlowAnimateUV: 0
    GlowInst: 1
    Glow_Name: _GlowTex
    Glow_Speed: {x: -.600000024, y: 0}
    Glow_UVOffset: {x: 0, y: 0}
    GlowRotateSpeed: 30
    Glow_UVRotate: 0
    GlowRotatePivot: {x: .5, y: .5}
--- !u!1001 &100100000
Prefab:
  m_ObjectHideFlags: 1
  serializedVersion: 2
  m_Modification:
    m_TransformParent: {fileID: 0}
    m_Modifications: []
    m_RemovedComponents: []
  m_ParentPrefab: {fileID: 0}
  m_RootGameObject: {fileID: 195930}
  m_IsPrefabParent: 1
  m_IsExploded: 1
