%YAML 1.1
%TAG !u! tag:unity3d.com,2011:
--- !u!1 &100936
GameObject:
  m_ObjectHideFlags: 0
  m_PrefabParentObject: {fileID: 0}
  m_PrefabInternal: {fileID: 100100000}
  serializedVersion: 4
  m_Component:
  - 4: {fileID: 400936}
  - 33: {fileID: 3300936}
  - 23: {fileID: 2300936}
  - 95: {fileID: 9500936}
  - 114: {fileID: 11400936}
  - 135: {fileID: 13581714}
  - 54: {fileID: 5481714}
  m_Layer: 0
  m_Name: Ammo_Basic_Prefab
  m_TagString: Untagged
  m_Icon: {fileID: 0}
  m_NavMeshLayer: 0
  m_StaticEditorFlags: 0
  m_IsActive: 1
--- !u!4 &400936
Transform:
  m_ObjectHideFlags: 1
  m_PrefabParentObject: {fileID: 0}
  m_PrefabInternal: {fileID: 100100000}
  m_GameObject: {fileID: 100936}
  m_LocalRotation: {x: 0, y: 0, z: 0, w: 1}
  m_LocalPosition: {x: 359.052673, y: 165.996674, z: -747.651184}
  m_LocalScale: {x: 1, y: 1, z: 1}
  m_Children: []
  m_Father: {fileID: 0}
  m_RootOrder: 0
--- !u!23 &2300936
Renderer:
  m_ObjectHideFlags: 1
  m_PrefabParentObject: {fileID: 0}
  m_PrefabInternal: {fileID: 100100000}
  m_GameObject: {fileID: 100936}
  m_Enabled: 1
  m_CastShadows: 1
  m_ReceiveShadows: 1
  m_LightmapIndex: 255
  m_LightmapTilingOffset: {x: 1, y: 1, z: 0, w: 0}
  m_Materials:
  - {fileID: 2100000, guid: 593444ab6f0d8a6419fd590c83cbdd6d, type: 2}
  m_SubsetIndices: 
  m_StaticBatchRoot: {fileID: 0}
  m_UseLightProbes: 0
  m_LightProbeAnchor: {fileID: 0}
  m_ScaleInLightmap: 1
  m_SortingLayerID: 0
  m_SortingOrder: 0
--- !u!33 &3300936
MeshFilter:
  m_ObjectHideFlags: 1
  m_PrefabParentObject: {fileID: 0}
  m_PrefabInternal: {fileID: 100100000}
  m_GameObject: {fileID: 100936}
  m_Mesh: {fileID: 4300000, guid: bca2598a38659e1429c36c6dae54777f, type: 3}
--- !u!54 &5481714
Rigidbody:
  m_ObjectHideFlags: 1
  m_PrefabParentObject: {fileID: 0}
  m_PrefabInternal: {fileID: 100100000}
  m_GameObject: {fileID: 100936}
  serializedVersion: 2
  m_Mass: 3
  m_Drag: 0
  m_AngularDrag: .0500000007
  m_UseGravity: 1
  m_IsKinematic: 0
  m_Interpolate: 0
  m_Constraints: 0
  m_CollisionDetection: 0
--- !u!95 &9500936
Animator:
  serializedVersion: 3
  m_ObjectHideFlags: 1
  m_PrefabParentObject: {fileID: 0}
  m_PrefabInternal: {fileID: 100100000}
  m_GameObject: {fileID: 100936}
  m_Enabled: 1
  m_Avatar: {fileID: 9000000, guid: bca2598a38659e1429c36c6dae54777f, type: 3}
  m_Controller: {fileID: 0}
  m_CullingMode: 0
  m_UpdateMode: 0
  m_ApplyRootMotion: 1
  m_HasTransformHierarchy: 1
  m_AllowConstantClipSamplingOptimization: 1
--- !u!114 &11400936
MonoBehaviour:
  m_ObjectHideFlags: 1
  m_PrefabParentObject: {fileID: 0}
  m_PrefabInternal: {fileID: 100100000}
  m_GameObject: {fileID: 100936}
  m_Enabled: 1
  m_EditorHideFlags: 0
  m_Script: {fileID: 11500000, guid: a57e0e363027e48458f117bb7d1b39ff, type: 3}
  m_Name: 
  m_EditorClassIdentifier: 
  materialsList:
  - usingShader: 
    shaderVisible: 1
    name: Ammo_Basic_Material
    renderQueue: 0
    renderQueueResult: 2000
    DiffuseAnimateUV: 0
    DiffuseInst: 1
    Diffuse_Name: _DiffuseTex
    Diffuse_Speed: {x: -.400000006, y: 0}
    Diffuse_UVOffset: {x: 0, y: 0}
    DiffuseRotateSpeed: 20
    Diffuse_UVRotate: 0
    DiffuseRotatePivot: {x: .5, y: .5}
    DecalAnimateUV: 0
    DecalInst: 1
    Decal_Name: _DecalTex
    Decal_Speed: {x: -.5, y: 0}
    Decal_UVOffset: {x: 0, y: 0}
    DecalRotateSpeed: 25
    Decal_UVRotate: 0
    DecalRotatePivot: {x: .5, y: .5}
    GlowAnimateUV: 0
    GlowInst: 1
    Glow_Name: _GlowTex
    Glow_Speed: {x: -.600000024, y: 0}
    Glow_UVOffset: {x: 0, y: 0}
    GlowRotateSpeed: 30
    Glow_UVRotate: 0
    GlowRotatePivot: {x: .5, y: .5}
--- !u!135 &13581714
SphereCollider:
  m_ObjectHideFlags: 1
  m_PrefabParentObject: {fileID: 0}
  m_PrefabInternal: {fileID: 100100000}
  m_GameObject: {fileID: 100936}
  m_Material: {fileID: 0}
  m_IsTrigger: 0
  m_Enabled: 1
  serializedVersion: 2
  m_Radius: .470257878
  m_Center: {x: .0149916857, y: -.0142624378, z: .00988718867}
--- !u!1001 &100100000
Prefab:
  m_ObjectHideFlags: 1
  serializedVersion: 2
  m_Modification:
    m_TransformParent: {fileID: 0}
    m_Modifications: []
    m_RemovedComponents: []
  m_ParentPrefab: {fileID: 0}
  m_RootGameObject: {fileID: 100936}
  m_IsPrefabParent: 1
  m_IsExploded: 1
